2234 2902
1120 200 1177 246 34Π

192 301 343 333 bellorum
368 304 458 332 actus
483 302 676 339 exercebat,<1
705 313 742 333 ex
766 304 966 335 historiarum
991 307 1079 345 parte
1103 305 1264 346 deperdita
1289 305 1416 336 fluxisse
1450 305 1526 336 mihi
1551 306 1698 345 persuasi,
1736 306 1886 346 quoniam
1903 305 2082 337 Cornelium

192 354 338 390 Fuscum,
363 355 449 385 cuius
475 356 708 396 expeditionem
733 357 765 387 in
791 356 894 388 Dacos
919 357 1047 388 Tacitus
1072 368 1108 388 ex
1132 356 1234 388 Orosii
1257 358 1439 389 testimonio
1465 358 1508 398 (7,
1537 358 1585 393 10,
1610 357 1646 398 4)
1669 359 1900 389 accuratissime
1924 359 2082 396 tractavit,

192 408 225 437 iu
250 407 346 438 Dacia
370 410 515 438 necatum
540 419 606 438 esse
631 407 799 439 Suetonius
824 410 948 450 quidem
976 410 1064 441 Dom.
1091 421 1116 442 c.
1134 410 1154 441 6
1178 412 1345 442 memoriae
1370 421 1432 441 nou
1457 410 1606 450 prodidit.
1653 410 1819 441 Servius
1844 422 1926 448 vero,
1950 410 2082 451 Vergilii

195 459 359 500 interpres,
383 460 421 490 ad
446 461 526 493 Aen.
552 462 580 495 3,
606 460 668 492 399
700 461 738 491 de
764 461 872 492 Locris
907 465 1031 503 praeter
1066 462 1126 493 alia
1160 463 1234 494 haec
1271 461 1481 503 adnotavitzl)
1519 462 1581 493 »Hi
1615 473 1697 499 vero,
1733 464 1787 504 qui
1821 464 1908 494 iuxta
1943 462 2082 503 Delphos

194 511 312 548 colunt,
336 511 450 543 Ozolae
474 516 704 553 nuncupantur,
729 514 793 544 sive
818 526 835 544 a
859 515 978 545 foetore
1002 514 1154 551 draconis,
1179 527 1270 557 quem
1296 515 1410 557 Apollo
1434 516 1603 552 interemit,
1637 526 1691 546 seu
1721 516 1803 557 quod
1834 527 1945 547 uxores
1976 526 2080 547 eorum

192 564 323 596 Veneris
347 566 392 596 ira
417 566 491 596 viris
516 567 580 596 suis
606 566 724 596 fuerint
747 566 899 597 foeditate
923 568 1018 597 taetri
1043 567 1147 598 odoris
1171 568 1307 605 invisae;
1332 569 1385 608 qui
1409 572 1514 599 autem
1538 567 1671 608 Libyam
1696 568 1790 599 delati
1815 572 1897 606 sunt,
1928 568 2082 600 Nasamo-

201 627 257 648 nes
281 617 467 658 apellantur,
493 622 527 649 ut
551 617 713 649 Cornelius
736 617 864 650 Tacitus
888 620 991 657 refert,
1015 621 1139 651 oriundi
1162 632 1180 652 a
1203 621 1356 662 Naryciis,
1381 621 1463 662 quod
1486 620 1531 652 ibi
1554 621 1705 657 invenies.
1738 621 1791 652 ubi
1815 621 1875 652 ait:
1913 621 2084 662 ,Lybicone

204 669 383 701 habitantes
404 671 494 702 litore
511 670 667 703 Locros.'«
715 670 879 702 Postremo
896 671 1051 702 Lucani
1075 673 1307 704 scholiasta
1331 685 1371 704 ex
1395 676 1518 705 servata
1535 674 1734 704 historiarum
1759 676 1851 714 parte
1868 674 1956 715 (hist.
1976 677 2003 709 3.
2028 675 2082 713 72)

193 724 231 754 ad
256 725 287 762 2,
311 724 371 754 221
399 724 475 754 haec
499 723 612 754 refert:
640 723 701 755 »Et
725 723 800 755 dicit
825 724 986 755 Cornelius
1005 725 1143 764 Tacitus,
1169 727 1250 767 quod
1279 726 1364 757 Sulla
1388 727 1519 764 dicebat,
1543 726 1626 767 quod
1650 726 1694 756 nil
1719 727 1777 757 sibi
1801 726 1915 758 defecit
1938 727 1976 758 ad
2001 738 2084 758 sum-

198 788 280 809 mam
308 777 500 813 felicitatem,
527 776 587 807 nisi
612 778 685 817 quia
701 776 891 818 Capitolium
917 788 980 809 non
1004 778 1188 809 dedicavit«

352 830 463 861 Primis
489 828 583 860 medii
608 831 676 860 aevi
700 831 893 871 temporibus
918 830 1196 862 Cassiodorus
1221 835 1253 862 et
1276 831 1475 862 Jordanis
1503 831 1605 862 Taciti
1637 831 1784 862 notitiam
1809 831 1956 872 produnt.
2003 831 2085 869 Quo-

191 895 263 916 rum
303 881 390 923 ille-2)
430 881 569 913 libellum
607 882 645 912 de
683 883 746 913 situ
792 887 823 914 et
870 884 1008 914 moribus
1047 882 1232 915 Germaniae
1267 884 1383 915 lectum
1418 885 1644 925 cognitumque
1680 884 1825 915 habuisse
1867 884 1999 921 videtur,
2048 897 2084 916 ex

193 947 254 978 quo
286 936 323 967 ad
347 935 453 967 Germ.
478 945 503 965 c,
528 936 569 965 45
594 938 739 974 spectans
764 935 837 967 Var.
863 936 891 972 5,
917 938 935 967 2
960 936 1036 967 haec
1060 937 1181 968 hausit:
1218 936 1277 967 »Et
1301 937 1369 967 ideo
1394 937 1584 968 salutatione
1609 948 1663 967 vos
1686 937 1858 968 affectuosa
1881 938 2086 978 requirentes,

194 990 370 1020 indicamus
395 988 530 1025 succina,
556 999 636 1029 quae
660 1000 677 1019 a
700 989 789 1019 vobis
814 1000 867 1030 per
891 990 1000 1020 harum
1024 990 1192 1031 portitores
1215 989 1336 1020 divecta
1360 993 1442 1026 sunt,
1467 998 1558 1030 grato
1582 990 1687 1020 animo
1704 990 1799 1020 fuisse
1817 996 1980 1031 suscepta:
2004 1001 2085 1031 quae

195 1043 235 1073 ad
258 1053 313 1073 vos
337 1041 455 1072 Oceani
479 1042 562 1072 unda
586 1041 786 1079 descendens,
819 1043 900 1073 hanc
924 1042 1114 1073 levissimam
1138 1042 1357 1080 substantiam,
1389 1043 1469 1073 sicut
1500 1047 1530 1073 et
1561 1046 1736 1073 vestrorum
1760 1043 1870 1073 relatio
1894 1043 2086 1080 continebat.

194 1098 358 1137 exportat;
383 1095 435 1125 sed
460 1094 542 1125 unde
561 1094 676 1129 veniat,
701 1096 899 1136 incognitum
925 1106 979 1126 vos
1004 1094 1119 1126 habere
1142 1093 1333 1132 discernunt,
1358 1106 1451 1135 quam
1475 1098 1548 1125 ante
1571 1105 1680 1125 omnes
1704 1095 1847 1126 homines
1864 1097 1966 1136 patria
1984 1099 2087 1127 vestra

196 1148 349 1179 offerente
374 1148 546 1188 suscipitis.
595 1147 691 1183 Haec,
716 1149 851 1188 quodam
876 1147 1020 1178 Cornelio
1045 1147 1209 1184 scribente,
1233 1147 1348 1187 legitur
1371 1149 1403 1178 in
1428 1148 1629 1178 interioribus
1652 1147 1762 1178 insulis
1780 1147 1896 1179 Oceani
1913 1159 1949 1179 ex
1967 1149 2086 1180 arboris

198 1211 289 1232 succo
314 1200 463 1236 defluens,
491 1201 572 1230 unde
598 1204 629 1231 et
653 1201 810 1231 succinum
836 1201 957 1238 dieitur,
982 1201 1147 1241 paullatim
1172 1200 1247 1231 solis
1271 1201 1379 1231 ardore
1403 1201 1584 1231 coalescere.
1639 1200 1690 1230 Fit
1713 1201 1796 1231 enim
1820 1200 1953 1231 sudatile
1976 1201 2087 1231 metal-

195 1254 258 1284 lum
284 1254 464 1284 teneritudo
491 1254 670 1293 conspicua,
694 1253 785 1284 modo
810 1263 917 1284 croceo
942 1254 1043 1284 colore
1066 1253 1190 1290 rubens,
1223 1253 1314 1284 modo
1339 1253 1487 1284 flammea
1511 1254 1655 1284 claritate
1686 1254 1909 1294 pinguescens;
1948 1257 1992 1291 ut,
2017 1264 2087 1285 cum

194 1308 226 1337 in
252 1307 346 1337 maris
370 1306 466 1337 fuerit
490 1306 620 1347 delapsa
645 1306 791 1342 confinio,
816 1310 904 1337 aestu
928 1307 1106 1337 alternante
1130 1309 1273 1346 purgata,
1305 1307 1416 1337 vestris
1445 1306 1604 1336 litt-oribus
1635 1306 1777 1336 tradatur
1801 1307 1952 1347 exposita.
1998 1306 2086 1342 Quod

196 1360 264 1390 ideo
289 1359 495 1390 iudicavimus
518 1359 730 1395 indicandum,
756 1370 794 1389 ne
818 1361 948 1389 omnino
972 1360 1099 1400 putetis,
1123 1359 1271 1390 notitiam
1295 1363 1436 1390 nostram
1462 1358 1577 1400 fugere,
1603 1359 1684 1399 quod
1709 1359 1865 1390 occultum
1883 1359 2009 1391 creditis
2032 1371 2086 1391 vos

196 1412 339 1443 habere«
390 1411 555 1442 Praeterea
580 1411 717 1444 Cassiod.
742 1411 816 1444 Var.
843 1414 869 1446 1,
895 1412 936 1443 37
960 1423 996 1442 ex
1021 1410 1209 1443 Germaniae
1231 1413 1333 1452 capite
1360 1412 1398 1442 18
1416 1411 1542 1442 fluxisse
1566 1411 1733 1443 admodum
1757 1412 1919 1452 probabile
1935 1416 1999 1443 est:
2027 1412 2087 1443 »Et

196 1465 266 1496 ideo
291 1465 316 1495 si
342 1464 467 1495 oblatae
491 1464 656 1505 petitionis
681 1466 810 1495 minime
835 1466 876 1496 sis
902 1466 1035 1496 veritate
1060 1464 1254 1501 fraudabilis,
1287 1467 1318 1495 et
1341 1464 1472 1505 genialis
1507 1463 1590 1495 thori
1612 1463 1767 1495 maculam
1791 1465 1977 1505 deprehensi
2000 1465 2087 1496 adul-

196 1517 269 1548 terii
292 1518 446 1558 sanguine
469 1517 598 1555 diluisti,
624 1528 680 1548 nec
704 1518 761 1548 sub
785 1521 949 1559 praetextu
973 1520 1120 1548 cruentae
1137 1517 1251 1548 mentis
1268 1528 1391 1548 causam
1416 1517 1543 1558 pudoris
1571 1516 1720 1554 intendis,
1745 1516 1784 1548 ab
1809 1518 1901 1549 exilio
1924 1518 2006 1558 quod
2029 1517 2087 1549 tibi

198 1572 324 1601 constat
349 1570 505 1601 inflictum
529 1573 560 1601 te
584 1571 792 1611 praecipimus
817 1571 971 1602 alienum:
996 1571 1144 1612 quoniam
1169 1580 1227 1611 pro
1251 1581 1355 1601 amore
1379 1570 1547 1611 pudicitiae
1571 1571 1730 1611 porrigere
1752 1569 1869 1601 ferrum
1885 1571 2007 1602 maritis
2024 1581 2088 1601 non

198 1626 245 1654 est
270 1622 356 1664 leges
380 1623 498 1654 calcare
523 1623 575 1653 sed
600 1624 761 1654 condere«
810 1624 968 1654 Historias
1003 1635 1128 1664 quoque
1158 1623 1303 1654 Taciteas
1335 1622 1553 1654 cassiodorum
1590 1623 1781 1664 primoribus
1817 1624 1911 1654 labris
1946 1624 2088 1665 attigisse

198 1675 423 1706 Massmannus
446 1676 515 1707 loco
541 1687 635 1717 supra
658 1677 784 1707 laudato
808 1687 846 1707 ex
870 1677 918 1707 his
949 1677 1025 1708 locis
1049 1678 1133 1707 inter
1156 1687 1188 1707 se
1212 1677 1402 1717 comparatis
1425 1679 1509 1707 recte
1525 1676 1699 1707 concludit:
1724 1676 1862 1709 Cassiod.
1880 1676 1954 1709 Var.
1974 1677 2023 1714 18,
2046 1678 2085 1709 31

199 1732 290 1760 scuto
315 1729 482 1769 impositus
507 1740 592 1759 more
618 1730 732 1769 gentis.
780 1729 854 1762 Tae.
879 1729 952 1762 hist.
977 1732 1006 1767 4,
1034 1731 1071 1759 15
1096 1730 1262 1770 impositus
1286 1732 1374 1760 scuto
1399 1740 1484 1760 more
1508 1731 1623 1770 gentis.

356 1781 519 1817 Maiorem,
548 1792 643 1823 quam
667 1781 881 1817 Cassiodorus,
904 1781 1145 1822 Jordanis,3)
1171 1783 1360 1823 epitomator
1384 1783 1458 1816 eius,
1495 1782 1595 1813 Taciti
1620 1782 1768 1813 notitiam
1793 1782 1906 1822 prodit,
1930 1782 1981 1813 ille
2004 1783 2087 1813 enim

197 1835 236 1865 de
265 1835 423 1875 »quodam
449 1834 614 1866 Cornelio«
641 1835 744 1869 refert,
768 1836 817 1866 hic
841 1836 878 1866 de
902 1836 966 1868 reb.
991 1836 1062 1869 Get.
1079 1847 1103 1867 c.
1122 1838 1151 1873 2,
1178 1837 1217 1867 13
1242 1834 1290 1868 ed.
1315 1835 1491 1866 Mommsen
1516 1835 1554 1866 ad
1572 1836 1649 1876 Agr.
1669 1836 1706 1867 12
1731 1838 1886 1876 spectans,
1910 1834 2088 1866 Cornelium

199 1888 363 1918 annalium
388 1888 571 1928 scriptorem
596 1889 719 1920 laudat:
752 1892 895 1920 »noctem
921 1900 1046 1930 quoque
1069 1889 1233 1920 clariorem
1257 1889 1287 1919 in
1314 1892 1452 1919 extrema
1477 1889 1541 1919 eius
1566 1892 1654 1929 parte
1679 1888 1902 1928 minimamque
1926 1886 2089 1919 Cornelius

198 1941 295 1971 etiam
323 1940 485 1971 annalium
523 1942 658 1982 scriptor
691 1941 884 1982 enarrat.«⁴)
929 1942 1095 1973 Praeterea
1119 1941 1334 1972 Mommsenus
1358 1941 1378 1972 l.
1403 1941 1423 1973 l.
1460 1941 1538 1972 alios
1573 1951 1696 1982 quoque
1718 1940 1866 1972 Jordanis
1901 1940 1984 1971 locos
2019 1951 2089 1972 cum

198 1993 298 2023 libelli
321 1993 359 2024 de
385 1993 535 2035 Agricola
567 1994 722 2036 capitibus
759 1997 878 2036 optime
913 1996 1116 2036 comparavit,
1153 2005 1231 2035 quos
1267 1994 1413 2025 collectos
1447 1995 1533 2025 brevi
1567 1997 1736 2035 conspectu
1770 1993 1942 2034 legentium
1977 1993 2090 2024 animis

198 2056 393 2086 proponam:

417 2099 577 2136 Jordanis,
601 2099 639 2131 de
662 2101 726 2133 reb.
751 2101 820 2132 Get.
1078 2094 1081 2098 ³
1141 2133 1143 2143 4
1510 2100 1648 2137 Tacitus,
1674 2099 1823 2140 Agricola

245 2153 276 2189 2,
304 2154 342 2184 10
366 2154 453 2184 cuius
477 2153 551 2185 lieet
583 2155 802 2196 magnitudine
833 2155 906 2194 olim
938 2165 1039 2190 nemo,
1141 2145 1143 2203 i
1297 2165 1323 2186 c.
1349 2154 1390 2185 10
1412 2153 1544 2184 formam
1572 2154 1669 2184 totius
1698 2152 1882 2184 Britanniae
1906 2152 2015 2183 Livius
2038 2162 2091 2183 ve-

200 2208 236 2235 ut
259 2205 355 2237 refert
379 2206 499 2244 Libius,
524 2207 748 2238 circumvectus
772 2211 829 2239 est.
1141 2206 1144 2257 j
1256 2211 1370 2242 terum,
1395 2206 1509 2237 Fabius
1527 2205 1674 2237 Rusticus
1698 2206 1869 2236 recentium
1893 2205 2091 2246 eloquentis-

359 2319 379 2353 1)
399 2321 499 2348 Confer
530 2322 688 2355 fragmenta
706 2322 820 2348 Tacitea
840 2323 867 2348 in
887 2323 1009 2349 editione
1031 2322 1226 2348 Halmiana.
1247 2336 1278 2339 —
1298 2320 1319 2353 ⁴2)
1340 2322 1458 2347 Ritter
1477 2330 1504 2354 p.
1525 2320 1633 2346 XXXV.
1654 2320 1866 2351 Massmann,
1885 2319 2006 2346 Tacitus'
2026 2319 2091 2346 Ger-

203 2365 296 2390 mania
315 2374 340 2398 p.
362 2364 420 2392 159.
446 2380 478 2383 —
498 2364 523 2396 ³)
542 2366 680 2397 Jordanis,
700 2367 824 2393 Romana
844 2369 871 2392 et
892 2367 990 2393 Getica
1009 2366 1147 2392 recensuit
1168 2366 1224 2391 Th.
1246 2366 1449 2392 Mommsen.
1470 2365 1559 2391 Berol.
1580 2365 1655 2391 1882.
1675 2364 1797 2390 Ritter
1816 2373 1841 2398 p.
1861 2364 1972 2391 XXXV.
1992 2364 2091 2389 Mass-

202 2417 322 2441 mann,
341 2409 463 2436 'Tacitus'
483 2409 632 2436 Germania
651 2420 677 2443 p.
697 2409 832 2443 156.-⁴)
853 2410 959 2437 Dixerit
979 2410 1126 2443 quispiam,
1146 2409 1274 2435 Tacitum
1293 2418 1326 2436 ex
1340 2408 1500 2436 Cassiodoro
1521 2408 1664 2435 laudatum
1684 2416 1747 2434 esse.
1783 2408 1885 2434 Verum
1905 2417 1938 2434 ex
1957 2416 1997 2440 eo,
2017 2407 2091 2441 quod

202 2453 248 2479 hic
267 2455 325 2479 tam
353 2453 483 2487 pusillam
503 2454 594 2480 Taciti
622 2454 753 2480 notitiam
778 2455 880 2488 prodit,
905 2455 1053 2481 Jordanem
1081 2454 1165 2479 simili
1186 2453 1276 2485 modo,
1297 2457 1325 2479 ut
1345 2453 1441 2479 Florus
1466 2454 1493 2478 et
1519 2452 1653 2483 Justinus,
1677 2455 1787 2486 praeter
1813 2452 1983 2485 scriptorem,
2009 2459 2091 2484 quem

201 2497 348 2530 excerpsit.
375 2497 460 2523 etiam
480 2498 608 2524 Tacitum
629 2498 778 2532 inspexisse
797 2499 929 2532 suspicor.
