2234 2902
490 332 634 363 Aurelius
659 332 768 364 Victor

253 382 341 415 Caes.
369 385 397 420 5,
423 384 441 415 S
465 386 560 425 atque
583 385 666 416 inter
691 386 766 418 haec
792 391 926 419 matrem
953 389 1049 420 etiam

207 435 473 467 contaminavisse
512 438 652 478 plures
692 439 862 477 habent;
902 441 975 472 dum
1016 453 1051 473 ea

206 497 331 528 quoque
354 489 588 522 dominandi
624 491 763 522 ardore
800 494 914 524 scelere
949 495 1050 535 quoli-

207 540 258 571 bet
275 541 374 572 subici
390 542 488 573 filium
513 545 610 584 cupit.
658 544 691 575 Id
717 555 786 586 ego,
817 557 1046 588 quamquam

205 594 475 634 scriptoribus
512 596 672 628 diversa
697 598 969 638 firmantibus,
996 612 1046 632 ve-

204 655 274 676 rum
304 649 390 687 puto.
441 647 585 690 Namque
616 651 667 681 ubi
701 654 839 683 mentem
871 652 1046 685 invaserint

204 699 291 735 vitia,
324 710 523 741 nequaquam
553 704 756 735 verecundiae
785 708 922 737 externis
948 708 1046 738 socie-

201 753 268 781 tate
282 751 450 784 humanius
467 754 557 785 datur
574 758 772 796 peccandi
790 761 1044 798 consuetudo,

203 813 303 834 nova
338 808 377 835 et
412 817 452 837 eo
477 807 658 839 dulciora
682 810 844 849 affectans,
880 813 918 843 ad
943 816 1045 845 extre-

200 865 285 888 mum
311 859 341 889 in
367 870 440 894 suos
463 869 572 901 agens.

360 1017 495 1050 Neronis
519 1024 625 1051 autem
651 1024 783 1052 mortem
808 1023 916 1054 eodem
942 1024 1044 1061 modo,

244 1069 318 1102 Aur.
346 1070 427 1103 Vict.
475 1072 559 1113 Epir.
589 1073 617 1110 5,
653 1076 671 1105 7
719 1075 859 1106 desertus
893 1077 1041 1118 undique,

199 1125 322 1155 noctis
340 1125 462 1157 medio
487 1136 671 1167 egressus
688 1128 840 1165 urbem,
872 1139 1042 1169 sequeu-

199 1177 307 1209 tibus
331 1178 493 1209 Phaone
524 1179 805 1220 Epaphrodito,
843 1181 1050 1225 Neophry,

199 1233 321 1271 toque
345 1235 378 1262 et
410 1233 592 1273 spadone
616 1233 777 1274 ὅροι-03)
812 1246 904 1276 quem
939 1247 1040 1278 quon-

197 1283 268 1314 dam
292 1287 451 1315 exsectum
484 1286 619 1317 formare
647 1288 678 1317 in
712 1288 873 1319 mulierem
898 1292 1040 1320 tentave-

197 1339 254 1375 rat,
280 1341 378 1368 semet
402 1338 465 1369 ictu
482 1337 580 1378 gladii
596 1341 761 1381 transegit,
787 1342 960 1372 adiuvante
976 1345 1038 1373 tre-

195 1390 357 1429 pidantem
382 1401 509 1422 manum
548 1392 680 1433 impuro,
717 1392 755 1424 de
792 1405 853 1435 quo
893 1395 1038 1433 diximus,

192 1443 351 1475 eunucho:

239 1507 308 1528 cum
334 1508 409 1528 saue
433 1499 518 1539 prius
542 1500 629 1530 nullo
654 1503 787 1541 reperto,
812 1512 830 1531 a
846 1512 907 1541 quo
926 1502 1033 1532 ferire-

197 1552 257 1587 tur,
283 1550 485 1581 exclamaret:
529 1551 664 1583 »Itane
696 1564 760 1583 nec
785 1555 949 1585 amicum
975 1555 1037 1586 ha-

194 1603 281 1639 beo,
307 1615 373 1635 nec
396 1603 618 1636 inimicum?
657 1606 840 1638 dedecorose
867 1609 938 1645 vixi,
971 1611 1037 1639 tur-

194 1657 263 1696 pius
288 1666 444 1697 peream«
455 1656 482 1699 2)

240 1709 314 1741 Aur.
339 1709 423 1742 Vict.
447 1710 534 1743 Caes.
559 1713 588 1747 5.
616 1713 652 1743 17
691 1712 750 1743 Hic
777 1714 849 1744 finis
866 1714 1035 1747 Caesarum

192 1763 281 1803 genti
298 1763 368 1799 fuit,
393 1773 485 1804 quem
503 1764 569 1795 fore
585 1765 798 1806 prodigiorum
826 1766 955 1807 multa3)
981 1769 1035 1799 de-

193 1816 388 1853 nunciavere,
414 1817 640 1858 praecipueque
664 1827 770 1850 eorum
796 1821 930 1860 praediis
946 1832 1030 1853 ares—

191 1877 265 1899 cens
304 1869 382 1900 lauri
421 1880 532 1901 nemus
573 1870 709 1902 dicatum
754 1873 1033 1914 triumphantibus,

191 1924 286 1962 atque
311 1923 457 1953 interitus
481 1923 679 1964 gallinarum,
709 1934 789 1965 quae
813 1927 890 1957 adeo
915 1928 1033 1960 multae

191 1975 353 2015 albaeque,
377 1976 515 2016 aptiores
551 1980 642 2007 erant
675 1978 888 2018 religionibus,
926 1984 960 2012 ut
994 1983 1032 2013 iis

191 2030 312 2061 Romae
335 2028 490 2059 habeatur
514 2029 605 2060 hodie
630 2030 723 2063 locus.

1069 1034 1131 1064 quo

1139 231 1182 263 24

1622 340 1751 372 Tacitus

1307 403 1380 423 ann.
1408 392 1457 429 14.
1487 394 1505 423 2
1531 392 1641 424 Tradit
1674 392 1854 430 Cluvius,
1886 394 2021 425 ardore
2049 406 2105 426 re·

1262 444 1450 475 tinendae
1475 445 1685 486 Agrippinam
1712 448 1930 487 potentiae
1953 457 1990 478 eo
2007 457 2104 489 usque

1262 499 1451 537 provectam,
1475 500 1510 528 ut
1528 522 1555 530 ..
1574 523 1581 530 .
1600 523 1607 531 .
1637 498 1762 530 offerret
1793 511 1825 530 se
1850 500 1974 540 saepius
2002 503 2104 531 temu-

1261 550 1347 580 lento
1379 553 1537 590 comptam
1567 554 1598 581 et
1623 551 1742 582 incesto
1771 554 1962 592 paratam..
1982 578 1988 584 .
2006 577 2014 585 .
2041 552 2103 584 Fa-

1262 602 1343 633 bius
1368 601 1553 634 Rusticus
1577 613 1641 634 non
1665 603 1874 645 Agrippinae,
1906 604 1959 636 sed
1983 604 2103 637 Neroni

1261 656 1402 696 cupitum
1441 656 1472 686 id
1520 659 1675 687 memorat
1726 657 1927 698 eiusdemque
1972 657 2104 689 libertae

1260 708 1339 748 (scil.
1358 708 1466 747 Actes)
1483 712 1553 740 astu
1570 709 1745 740 disiectum.
1787 709 1863 741 Sed
1888 720 1988 751 quae
2016 710 2102 742 Clu-

1259 763 1358 799 vius,
1396 761 1525 792 eadem
1561 763 1685 793 ceteri
1721 773 1878 803 quoque
1906 765 2102 794 auctores

1259 814 1472 855 prodidere
1501 819 1532 845 et
1560 815 1645 845 fama
1677 815 1737 846 huc
1769 816 1913 853 inclinat,
1945 827 1999 846 seu
2023 826 2099 847 con-

1258 868 1342 908 cepit
1369 868 1476 898 animo
1512 870 1637 899 tantum
1672 869 1882 899 immanitatis
1912 868 2101 909 Agrippina,

1257 931 1310 951 seu
1343 920 1587 952 credibilior
1610 922 1743 952 ‘novae
1775 921 1961 952 libidinis
1986 921 2100 952 medi-

1257 974 1360 1004 tatio
1384 975 1416 1004 in
1441 984 1476 1004 ea
1502 975 1568 1004 visa
1592 978 1648 1006 est.

1156 1024 1281 1058 Cassius
1307 1026 1378 1061 Dio,
1403 1027 1433 1056 iu
1460 1027 1559 1058 lucem
1582 1027 1717 1067 profert:

1301 1079 1360 1110 Dio
1385 1080 1435 1116 63,
1462 1080 1512 1114 27.
1537 1081 1556 1111 3
1581 1078 1710 1117 ἐσθῆτά
1735 1092 1768 1110 τε
1785 1076 1841 1111 οὖν
1857 1079 1982 1121 φαύλην
1998 1080 2093 1120 ἔλαβε

1254 1133 1309 1162 καὶ
1332 1134 1377 1162 ἐπὶ.
1401 1132 1491 1163 ἵππου
1520 1132 1612 1164 οὐῦέν
1639 1133 1786 1173 βελτιονα
1819 1133 1929 1172 ἀνέβη,
1964 1134 2019 1163 καὶ
2052 1132 2095 1164 ἐπ’

1255 1185 1356 1216 αὐτοῦ
1383 1189 1707 1224 κατακεκαλυμμένος
1743 1198 1762 1217 π
1772 1186 1835 1226 ρος
1871 1187 1997 1225 χωριό
2007 1198 2024 1216 v
2060 1197 2097 1217 τι

1257 1237 1417 1273 Φάωνος
1440 1239 1714 1278 Καισαρειόυ,
1743 1238 1838 1276 μετά
1863 1251 1901 1269 τε
1932 1241 2095 1271 ἐκείνου

1254 1294 1322 1322 καὶ,
1352 1291 1449 1330 μετα
1481 1292 1781 1334 Ἐπαφροδίτου
1813 1293 1885 1323 τοῦ
1918 1304 1959 1322 τε
1990 1291 2075 1323 End

1254 1356 1335 1383 (mv,
1363 1343 1505 1381 νυκτὸς
1529 1343 1713 1382 ἐπιούσης
1737 1344 1887 1382 ἤλασεν.

1299 1505 1356 1535 Dio
1388 1506 1439 1540 63,
1480 1506 1530 1541 ¹29,
1570 1506 1588 1535 2
1621 1508 1682 1535 ἐπει
1724 1517 1754 1535 τὸ
1794 1504 1858 1542 οὐχ
1896 1505 2089 1542 ὑπήκουσαν,

1251 1557 1441 1595 drentem-§e
1471 1570 1503 1588 τε
1535 1560 1589 1588 καὶ
1619 1560 1689 1599 ἔφη·
1726 1558 1817 1596 »ἐγώ
1848 1556 1972 1596 μόνος
2000 1556 2093 1589 οὔτε

1251 1612 1375 1651 φίλοιν
1399 1610 1494 1641 οὐτε
1518 1612 1665 1650 ἐχθρὸν
1689 1610 1835 1651 ἕχω.«2)

1296 1717 1353 1747 Dio
1379 1718 1428 1753 63„
1455 1718 1506 1754 29,
1531 1718 1550 1748 3
1593 1717 1669 1757 ἐβίω
1706 1718 1741 1747 ὑὲ
1766 1718 1816 1754 ἔτι]
1841 1714 2012 1757 τριάκοντα
2036 1718 2092 1748 καὶ

1248 1770 1351 1807 μῖίιας
1375 1771 1472 1806 ἐννέα,
1505 1770 1560 1811 ἀφ’
1587 1767 1627 1800 ὧν
1655 1767 1745 1809 ἧρξεν
1776 1771 1827 1808 ἔτι]
1855 1772 2009 1810 δεκατρία
2033 1771 2089 1801 καὶ

1247 1824 1347 1860 μῆνας
1369 1822 1463 1857 ὀκτώ,
1494 1823 1630 1860 ἔσχατος
1663 1823 1724 1853 τῶν
1747 1820 1809 1853 απὸ
1834 1823 1890 1853 τοῦ
1913 1822 2048 1854 Αἰνείου
2059 1821 2084 1862 4)

1247 1878 1299 1906 καὶ
1330 1876 1392 1907 α’πὸ
1429 1876 1486 1907 τοῦ
1510 1875 1708 1914 Αὐγούστου
1750 1873 1932 1914 γεγονότων,
1968 1875 2087 1906 καθά-

1246 1940 1300 1968 περ
1332 1940 1392 1960 που
1423 1930 1536 1970 σαφῶς
1569 1930 1623 1960 καὶ
1656 1931 1689 1959 αι’
1717 1923 1842 1970 δάφναι
1874 1931 1908 1959 αἱ
1944 1929 2004 1960 ὑπὸ
2035 1929 2088 1966 τῆς

1245 1982 1384 2017 Λιουίας
1408 1984 1626 2023 φυτειυθεῐσαι
1654 1979 1690 2012 τό
1715 1993 1745 2012 τε
1770 1983 1859 2019 γένος
1883 1982 1946 2012 τῶν
1968 1982 2085 2012 λευκῶν

1243 2035 1390 2075 ὀρνίθων
1413 2037 1711 2077 προῦιαφθαρέντα
1735 2034 1837 2066 αὐτοῦ
1862 2034 2027 2075 ἐσήμανεν.

350 2081 397 2112 Ex
420 2081 512 2112 rebus
535 2082 592 2113 sub
616 2082 726 2121 Galba,
752 2084 886 2123 Othone,
912 2087 1045 2121 Vitellio
1069 2086 1168 2130 gestis
1191 2089 1354 2120 narrandis
1378 2090 1433 2127 eis,
1461 2100 1542 2129 quae
1568 2089 1630 2120 iam
1660 2089 1744 2119 inter
1768 2089 1850 2119 viros
1874 2088 1983 2119 doctos
2006 2090 2084 2119 nota

189 2137 272 2169 sunt,
298 2134 373 2165 haec
397 2134 523 2166 addam:

233 2186 317 2227 Epit.
349 2187 378 2224 7,
411 2191 427 2220 l
457 2186 581 2219 Salvius
610 2188 705 2226 Otho,
735 2187 908 2232 splendidis
944 2198 1031 2226 ortus

190 2240 369 2277 maioribus,
407 2251 445 2271 ex
475 2241 592 2282 oppido
632 2241 821 2282 Ferentano,
863 2247 1031 2288 imperavit

189 2304 312 2324 menses
336 2296 410 2330 tres,
446 2294 511 2324 vita
542 2297 628 2325 omni
651 2298 761 2337 turpis,
794 2300 930 2331 maxime
954 2300 1031 2332 adu-

184 2346 344 2377 lescentia.

1290 2194 1359 2225 hist
1385 2199 1415 2230 2,
1439 2194 1482 2226 50
1505 2193 1604 2235 Origo
1621 2194 1666 2225 illi
1684 2205 1699 2224 e
1717 2193 1887 2235 municipio
1904 2188 2085 2230 Ferentino,

1244 2250 1334 2288 pater
1357 2247 1538 2285 consularis,
1574 2257 1649 2278 avus
1686 2247 1871 2287 praetorius,
1907 2249 2085 2278 maternum

1243 2309 1342 2339 genus
1366 2300 1477 2340 impar,
1502 2310 1559 2330 nec
1582 2302 1688 2330 tamen
1713 2300 1912 2337 indecorum,
1951 2299 2087 2340 pueritia

1244 2363 1280 2384 ac
1303 2354 1440 2390 iuventa,
1464 2352 1589 2394 qualem
1602 2353 1860 2385 monstravimus.

347 2433 368 2468 ¹)
387 2434 428 2462 Cf.
441 2434 516 2461 Suet.
530 2435 594 2461 Ner.
607 2436 656 2462 48:
679 2439 829 2470 »quattuor
842 2439 908 2466 solis
921 2440 1130 2472 comitantibus,
1148 2440 1222 2467 inter
1241 2449 1308 2474 quos
1328 2442 1356 2467 et
1370 2441 1472 2474 Sporus
1485 2442 1570 2466 erat«.
1591 2453 1622 2458 -
1634 2424 1664 2473 ⁵²)
1684 2440 1742 2466 Illa
1761 2439 1900 2467 sententia
1919 2440 1993 2474 apud
2007 2440 2084 2467 Suet.

187 2479 251 2504 Ner.
269 2479 304 2505 49
323 2487 377 2505 non
398 2480 497 2506 exstat.
517 2493 549 2497 -
568 2477 592 2512 ³)
610 2480 728 2507 Othonis
749 2482 862 2515 quidem
883 2484 970 2510 vitam
991 2485 1104 2511 Tacitus
1123 2485 1188 2511 hist.
1207 2485 1231 2510 2.
1260 2485 1294 2511 50
1313 2493 1374 2511 cum
1394 2484 1522 2518 prodigio
1541 2484 1697 2511 concludit.
1719 2499 1749 2502 —
1769 2483 1791 2517 4)
1810 2485 1850 2511 Cf.
1871 2486 1971 2511 Auson.
1992 2484 2085 2510 Caes..-

182 2523 266 2550 Nero.
