2197 2958
505 347 674 379 Suetonius

213 414 279 447 vit.
306 414 342 445 11
370 415 470 455 magis
495 413 606 444 deinde
623 423 659 443 ac
680 412 782 453 magis
799 412 886 442 omni
903 411 1009 442 divino

169 468 371 508 humanoque
395 468 460 497 iure
484 467 638 507 neglecto,
664 464 797 496 Alliensi
827 465 875 495 die
904 464 1009 504 ponti-

170 521 295 551 ficatum
332 521 502 550 maximum
538 520 634 560 cepit.
674 519 801 549 comitia
836 518 868 548 in
904 517 1010 548 deceni

172 582 273 603 annos
302 573 458 603 ordinavit
487 583 581 613 seque
616 574 801 613 perpetuum
837 570 1010 603 consulem,

214 797 310 839 Vesp.
336 798 354 828 4
379 798 597 838 percrebuerat
622 796 748 828 Oriente
773 800 841 827 toto
867 798 955 827 vetus
979 798 1010 826 et

170 855 319 881 constans
343 851 458 891 opinio,
490 861 556 881 esse
580 850 611 880 in
637 851 720 886 fatis,
751 853 787 880 ut
811 860 846 880 eo
870 852 1012 890 tempore

170 903 291 934 Judaea
307 904 441 943 profecti
466 914 567 934 rerum
593 904 778 944 potirentur.

214 1022 309 1063 Vesp.
336 1024 353 1052 5
382 1022 474 1053 arbor
508 1032 631 1063 quoque
668 1032 832 1062 cupressus
867 1023 898 1052 in
934 1032 1010 1062 agro

169 1077 254 1106 avito
279 1076 345 1106 sine
368 1075 432 1106 ulla
456 1075 486 1106 vi
509 1076 707 1116 tempestatis
732 1076 838 1106 evulsa
862 1074 1010 1106 radicitus

167 1131 264 1169 atque
297 1131 472 1169 prostrata,
514 1129 690 1170 insequenti
727 1128 776 1159 die
811 1128 939 1159 viridior
973 1137 1011 1159 ac

167 1181 285 1212 firmior
309 1183 486 1214 resurrexit.

210 1247 305 1289 Vesp.
323 1248 342 1279 5
359 1248 441 1288 apud
457 1247 609 1279 Judaeam
627 1248 762 1279 Carmeli
780 1249 829 1280 dei
847 1248 1007 1279 oraculum

169 1301 385 1332 consulentem
397 1302 441 1332 ita
464 1302 690 1333 confirmavere
714 1305 825 1339 sortes,
851 1306 895 1339 ut,
920 1302 1011 1343 qnid·

164 1354 238 1395 quid
263 1355 418 1393 cogitaret
447 1354 650 1396 volveretque
680 1356 803 1392 animo,
837 1357 1011 1397 quamlibet

166 1415 328 1447 magnum,
354 1408 383 1438 id
408 1419 475 1439 esse
500 1411 723 1448 proventurum
750 1408 986 1450 pollicerentur.

210 1738 306 1780 Vesp.
331 1740 350 1771 6
375 1742 511 1770 ceterum
536 1740 697 1781 divulgato
729 1742 831 1779 facto,
864 1742 1009 1774 Tiberius

168 1792 353 1829 Alexander,
370 1793 546 1833 praefectus
561 1794 709 1834 Aegypti,
728 1796 848 1835 primus
865 1796 896 1825 in
916 1795 1010 1826 verba

164 1843 350 1884 Vespasiani
386 1846 525 1886 legiones
559 1847 668 1887 adegit
700 1846 858 1879 Kalendas
893 1847 1004 1882 Julias,

161 1897 215 1938 qui
239 1899 437 1939 principatus
464 1899 529 1929 dies
557 1900 588 1929 in
622 1902 782 1940 posterum
815 1902 1002 1932 observatus

165 1953 221 1981 est.
268 1950 417 1982 Judaicus
450 1951 562 1982 deinde
601 1953 753 1984 exereitus
792 1955 904 1994 quinto
939 1955 1007 1986 idus

165 2002 266 2034 Julias
291 2004 373 2045 apud
397 2004 500 2045 ipsum
526 2006 647 2037 iuravit.

208 2122 271 2155 Tit.
308 2123 327 2153 5
362 2122 483 2165 (Titus)
519 2123 619 2155 Galba
663 2136 733 2156 mox
780 2129 909 2157 tenente
944 2137 1009 2158 rem

165 2175 322 2217 publicam
341 2177 453 2208 missus
477 2176 516 2208 ad
541 2177 772 2219 gratulandum,
790 2190 914 2220 quaqua
938 2181 1007 2218 iret,

165 2230 322 2260 convertit
357 2229 518 2268 homines,
557 2232 645 2272 quasi
682 2231 880 2273 adoptionis*
905 2233 1009 2273 gratia

167 2285 385 2313 accerseretur.

209 2453 271 2485 Tit.
290 2454 309 2484 5
332 2454 389 2493 sed>
410 2455 462 2486 ubi
486 2456 605 2487 turbari
629 2467 736 2487 rursus
761 2461 874 2488 cuncta
901 2458 1010 2495 sensit,

166 2507 246 2538 redit
289 2517 326 2537 ex
365 2508 477 2539 itinere
516 2509 665 2550 aditoque
704 2509 841 2550 Paphiae
879 2509 1011 2542 Veneris

1579 345 1712 377 Tacitus

1267 411 1340 444 hist.
1365 413 1394 448 2,
1419 412 1457 443 91
1484 411 1602 443 funesti
1619 412 1733 443 ominis
1751 412 1819 443 loco
1832 413 1994 452 acceptum
2009 415 2065 447 est.

1222 464 1304 506 quod
1328 466 1500 496 maximnm
1524 465 1745 504 pontificatum
1769 464 1902 505 adeptus
1916 463 2063 495 Vitellius

1222 520 1259 549 de
1272 518 1470 549 caerimoniis
1494 517 1628 559 publicis
1644 517 1714 548 XV.
1733 518 1884 548 kalendas
1903 517 2064 558 Augustas

1220 571 1378 608 edixisset,
1409 572 1585 611 antiquitus
1616 569 1756 602 infausto
1789 570 1838 602 die
1861 570 2059 603 Cremerensi

1222 624 1418 665 Alliensique
1460 622 1621 654 cladibus:
1668 623 1745 654 adeo
1794 624 1896 655 omnis
1934 624 2065 655 humani

1220 677 1466 718 diviniqueiuris
1476 687 1586 717 expers
1600 677 1667 717 pari
1685 675 1873 708 libertorum
1892 678 2065 709 amicorum

1221 731 1362 762 socordia
1388 730 1472 761 velut
1495 730 1579 761 inter
1607 730 1798 761 temulentos
1822 731 1948 771 agebat.

1266 797 1339 829 hist.
1358 797 1388 832 ἵ),
1409 798 1447 828 13
1461 797 1604 838 pluribus
1618 797 1779 837 persuasio
1796 797 1907 834 inerat,
1925 797 2064 838 antiquis

1222 850 1418 881 sacerdotum
1444 850 1544 880 literis
1568 849 1736 886 contineri,
1772 860 1808 880 eo
1831 848 1902 890 ipso
1926 852 2067 891 tempore

1221 904 1298 941 fore,
1326 907 1361 934 ut
1385 903 1557 934 valesceret
1582 902 1694 933 Oriens
1726 902 1922 943 profectique
1945 903 2065 934 Judaea

1222 967 1325 987 rerum
1350 959 1542 997 poterentur.

1264 1023 1337 1054 hist.
1355 1023 1385 1060 2,
1411 1022 1451 1054 78
1475 1033 1639 1063 cupressus
1656 1023 1748 1053 arbor
1764 1023 1795 1053 in
1810 1023 1895 1063 agris
1908 1023 1974 1053 eius
1988 1033 2064 1053 con-

1222 1077 1328 1117 spicua
1351 1076 1520 1106 altitudine
1543 1078 1673 1116 repente
1694 1076 1870 1116 prociderat
1887 1086 1923 1106 ac
1938 1079 2066 1117 postera

1223 1129 1273 1160 die
1296 1129 1403 1160 eodem
1424 1129 1556 1169 vestigio
1573 1139 1742 1170 resurgens
1766 1140 1894 1170 procera
1918 1140 1953 1160 ac
1976 1129 2069 1160 latior

1224 1182 1355 1214 virebat.

1267 1249 1339 1281 hist.
1354 1251 1383 1287 2,
1400 1248 1441 1281 78
1460 1253 1507 1280 est
1520 1248 1673 1280 Judaeam
1690 1250 1774 1280 inter
1789 1248 1974 1290 Suriamqne
1988 1249 2065 1281 Car-

1224 1303 1341 1339 melus;
1381 1304 1425 1333 ita
1457 1304 1569 1333 vocant
1604 1305 1742 1333 montem
1775 1303 1929 1344 deumque
1931 1328 2068 1342 ......

1224 1356 1292 1387 lllic
1316 1356 1502 1387 sacrificanti
1528 1355 1732 1396 Vespasiano,
1773 1367 1842 1387 cum
1869 1368 1939 1398 spes
1963 1358 2065 1389 occul-

1224 1412 1271 1439 tas
1295 1413 1433 1440 versaret
1453 1409 1569 1445 animo,
1596 1408 1747 1439 Basilides
1770 1410 1915 1440 sacerdos
1945 1411 2069 1451 inspec-

1222 1463 1263 1493 tis
1288 1462 1461 1493 identidem
1491 1463 1588 1493 extis:
1632 1462 1802 1503 »quidquid
1837 1465 1916 1501 est«,
1954 1464 2068 1504 inquit,

1226 1515 1450 1556 »Vespasiane‚
1474 1515 1554 1556 quod
1573 1525 1675 1556 paras,
1694 1526 1746 1546 seu
1764 1516 1890 1546 domum
1909 1520 2069 1547 exstruere

1223 1579 1276 1599 seu
1312 1568 1471 1609 prolatare
1504 1577 1598 1609 agros
1633 1569 1698 1599 sive
1747 1569 1896 1608 ampliare
1931 1565 2068 1607 servitia,

1223 1622 1314 1652 datur
1350 1622 1408 1651 tibi
1446 1632 1561 1661 magna
1603 1621 1707 1656 sedeS,
1749 1622 1895 1662 ingentes
1930 1622 2069 1659 termini,

1224 1674 1356 1705 multum
1383 1674 1556 1707 hominum.

1268 1741 1341 1773 hist.
1359 1741 1387 1775 2,
1415 1741 1454 1771 79
1480 1741 1606 1771 initium
1632 1739 1753 1771 ferendi
1774 1741 1812 1771 ad
1830 1740 2064 1781 Vespasianum

1223 1793 1343 1834 imperii
1361 1793 1570 1824 Alexandriae
1587 1796 1733 1834 coeptum
1751 1793 1922 1824 festinante
1940 1793 2066 1824 Tiberio

1224 1847 1412 1883 Alexandro,
1438 1847 1490 1888 qui
1512 1847 1659 1877 Kalendis
1676 1845 1758 1877 Julis
1783 1850 1979 1877 sacramento
1997 1847 2062 1877 eius

1223 1900 1363 1941 legiones
1381 1900 1495 1941 adegit.
1542 1900 1635 1941 Isque
1652 1901 1769 1940 primus
1787 1900 1980 1939 principatus
1997 1900 2062 1930 dies

1223 1955 1254 1984 in
1295 1956 1455 1994 posterum
1494 1952 1683 1989 celebratus,
1735 1952 1878 1992 quamvis
1915 1951 2065 1983 Judaicus

1225 2006 1377 2036 exercitus
1419 2007 1530 2046 quinto
1573 2016 1672 2036 nonas
1707 2004 1808 2036 Julias
1843 2004 1925 2045 apud
1961 2005 2064 2046 ipsum

1224 2060 1366 2090 iurasset.

1268 2126 1341 2157 hist.
1360 2126 1389 2162 2,
1416 2126 1432 2156 1
1459 2125 1550 2155 Titus
1568 2124 1790 2165 Vespasianus,
1813 2135 1828 2154 e
1844 2122 1964 2155 Judaea-
1979 2124 2067 2155 inco-

1223 2179 1300 2209 lumi
1316 2178 1418 2209 adhue
1435 2177 1536 2209 Galba
1560 2178 1672 2208 missus
1689 2187 1707 2207 a
1725 2179 1825 2217 patre,
1850 2187 1975 2207 causam
1994 2187 2066 2217 pro-

1223 2232 1369 2262 fectionis
1392 2230 1530 2261 officium
1556 2241 1629 2271 erga
1654 2230 1828 2271 principem
1852 2232 1884 2260 et
1907 2232 2062 2260 maturam

1223 2286 1368 2326 petendis
1393 2284 1563 2315 honoribus
1587 2285 1748 2314 iuventam
1774 2282 1904 2320 ferebat,
1929 2282 1982 2313 sed
1999 2282 2067 2313 vul-

1224 2350 1282 2380 gus
1310 2337 1451 2378 fingendi
1478 2337 1603 2367 avidum
1636 2336 1835 2375 disperserat,
1868 2335 2003 2366 accitum
2032 2336 2064 2366 in

1223 2391 1434 2432 adoptionem.

1268 2457 1341 2489 hist.
1358 2458 1387 2494 2,
1405 2458 1424 2488 2
1440 2460 1535 2498 atque
1552 2456 1639 2487 illum
1658 2455 1771 2498 cupido
1785 2455 1913 2486 incessit
1925 2452 2064 2485 adeundi

1224 2510 1406 2550 visendique
1435 2510 1588 2550 templum
1619 2508 1759 2549 Paphiae
1792 2507 1922 2538 Veneris
1930 2530 2066 2540 ......
