2234 2902
336 351 494 388 Jordanis‚
518 352 555 383 de
579 352 645 383 reb.
670 351 740 383 Get.

163 514 191 550 2,
219 513 257 544 12
281 513 373 544 modo
396 522 469 543 vero
493 512 632 550 dumosa,
663 512 756 543 modo
787 512 950 543 silvestrae

117 566 217 597 iacere
251 564 418 606 planitiae,
454 565 614 596 montibus
655 565 751 596 etiam
786 565 949 596 nonnullis

116 619 304 649 increscere:
328 618 406 648 mari
428 618 520 648 tardo
536 617 760 654 circumfluam,
785 617 868 659 quod
893 628 950 649 nec

114 672 208 703 remis
236 670 326 702 facile
354 670 589 711 impellentibus
618 670 718 707 cedat,
749 681 806 702 nec
837 675 949 702 vento-

116 735 184 756 rum
207 724 334 755 flatibus
357 724 556 761 intumescat,
580 724 681 761 credo,
713 726 787 765 quia
810 727 950 756 remotae

115 778 240 818 longius
262 780 364 808 terrae
387 786 497 808 causas
522 778 659 808 motibus
675 780 809 817 negant:
835 779 950 819 quippe

114 831 179 862 illic
200 830 305 864 latius,
329 840 423 870 quam
446 839 588 871 usquam,
620 839 737 870 aequor
759 831 948 862 extenditur.

161 937 190 973 2,
209 936 248 967 13
266 934 399 967 Silerum
418 936 547 967 colorati
565 936 688 973 vultus3
712 937 788 967 torti
804 937 955 978 pleroque

115 989 199 1020 crine
230 992 261 1020 et
291 989 382 1030 nigro
406 992 597 1026 nascuntur;
644 989 850 1030 Calydoniam
885 1000 957 1021 vero

115 1042 324 1073 incolentibus
341 1042 454 1072 rutilae
471 1052 590 1079 cumae,
615 1052 747 1083 corpora
760 1053 886 1083 magna,
903 1043 955 1074 sed

113 1095 226 1126 fluida:
251 1094 350 1126 Gallis
366 1094 430 1125 sive
448 1094 571 1136 Spanis,
595 1099 630 1126 ut
646 1096 821 1136 quibusque
839 1096 951 1127 obten-

113 1149 239 1184 duntur,
274 1148 444 1180 adsimiles.
502 1148 593 1179 Unde
627 1150 841 1180 coniectavere
878 1160 956 1181 non-

114 1201 202 1239 nulli,
227 1202 309 1243 quod
333 1213 368 1232 ea
392 1213 429 1233 ex
454 1202 502 1232 his
519 1201 640 1233 accolas
657 1202 807 1243 contiguo
826 1205 953 1234 vocatos

113 1255 278 1296 acceperit.

157 1362 185 1399 2,
213 1361 252 1393 10
275 1372 354 1402 quae
377 1361 429 1392 diu
454 1360 480 1391 si
495 1361 621 1402 quidem
637 1363 730 1392 armis
747 1362 947 1392 inaccensam

114 1413 264 1445 Romanis
294 1413 397 1445 Julius
432 1414 547 1445 Caesar
580 1414 708 1455 proeliis
744 1415 781 1446 ad
817 1415 950 1456 gloriam

112 1470 237 1499 tantum
262 1468 412 1509 quaesitis
436 1466 599 1509 aperuit.¹)

1047 248 1088 280 35

1433 356 1572 394 Tacitus,
1598 359 1746 399 Agricola

1171 407 1242 438 simi
1266 412 1410 439 auctores
1444 409 1599 450 oblongae
1625 412 1767 443 scutulae
1799 413 1847 444 vel
1881 413 2012 454 bipenni

1171 459 1411 494 adsimulavere.

1215 522 1240 544 c,
1268 513 1306 544 10
1331 514 1384 545 sed
1421 524 1507 545 mare
1531 516 1656 556 pigrum
1682 520 1712 547 et
1736 528 1830 557 grave
1856 520 2013 560 remigan-

1171 564 1257 596 tibus
1280 566 1448 607 perhibent
1471 577 1510 598 ne
1533 569 1636 598 ventis
1661 569 1785 609 quidem
1811 572 1942 611 proinde
1965 577 2013 603 at-

1171 619 1249 656 tolli,
1284 619 1385 656 credo,
1418 621 1500 661 quod
1531 622 1665 652 rariores
1689 625 1789 653 terrae
1815 628 2012 667 montesque,

1170 682 1263 702 causa
1280 682 1316 703 ac
1328 675 1460 704 materia
1473 676 1709 714 tempestatum,
1727 678 1760 706 et
1774 677 1931 716 profunda
1945 688 2012 709 mo-

1171 725 1215 755 les
1239 726 1382 757 continui
1401 727 1495 757 maris
1511 727 1631 757 tardius
1649 728 1829 768 impellitur.
1858 729 2012 762 Naturam

1172 777 1287 809 Oceani
1323 782 1419 820 atque
1457 782 1562 810 aestus
1599 791 1699 821 neque
1736 791 1885 822 quaerere
1920 783 2011 815 huius

1171 832 1274 871 operis
1299 835 1356 870 est,
1382 842 1418 863 ac
1443 833 1534 863 multi
1558 832 1725 869 rettulere3
1766 845 1862 865 unum
1887 836 2012 867 addide-

1171 885 1239 920 rim,
1265 894 1419 924 nusquam
1443 885 1538 915 latius
1562 885 1718 917 dominari
1744 898 1837 919 mare.

1215 947 1240 969 e.
1268 939 1302 969 11
1342 948 1477 979 namque
1499 939 1614 969 rutilae
1638 938 1837 970 Caledoniam
1868 941 2013 972 habitan-

1171 991 1249 1021 tium
1268 1001 1385 1027 comae,
1401 993 1508 1031 magni
1525 994 1612 1022 artus
1625 991 1844 1024 Germanicam
1857 995 2011 1034 originem

1170 1043 1369 1074 adseverant.
1429 1043 1564 1076 Silurum
1605 1044 1736 1076 colorati
1772 1046 1895 1084 vultus,
1936 1050 2012 1079 torti

1170 1096 1353 1137 plerumque
1384 1098 1485 1128 crines
1519 1100 1552 1128 et
1585 1099 1689 1138 posita
1724 1102 1833 1129 contra
1857 1099 2013 1140 Hispania

1169 1147 1304 1180 Hiberos
1319 1152 1439 1180 veteres
1452 1151 1613 1181 traiecisse
1623 1162 1736 1192 easque
1746 1151 1834 1182 sedes
1846 1162 2013 1194 occupasse

1168 1201 1261 1232 fidem
1272 1202 1402 1234 faciunt.
1429 1202 1567 1234 Proximi
1578 1203 1678 1235 Gallis
1688 1207 1719 1235 et
1728 1205 1847 1236 similes
1861 1211 1945 1241 suut,
1958 1216 2012 1237 seu

1169 1255 1302 1286 durante
1318 1256 1449 1297 originis
1467 1257 1497 1287 vi
1510 1267 1564 1287 seu
1573 1257 1836 1297 procurrentibus
1850 1259 1882 1289 in
1891 1259 2013 1290 diversa

1169 1310 1259 1339 terris
1284 1310 1399 1350 positio
1424 1311 1502 1341 caeli
1527 1311 1711 1351 corporibus
1736 1311 1879 1342 habitum
1915 1313 2010 1344 dedit.

1212 1373 1238 1395 c.
1276 1363 1315 1393 13
1346 1363 1445 1403 igitur
1475 1365 1595 1404 primus
1628 1364 1767 1394 omnium
1798 1364 2012 1397 Romanorum

1168 1417 1257 1447 divus
1273 1415 1377 1447 Julius
1393 1426 1464 1447 cum
1479 1417 1617 1447 exercitu
1633 1416 1829 1448 Britanniam
1842 1417 2012 1459 ingressus,

1168 1480 1359 1511 quamquam
1394 1480 1543 1510 prospera
1578 1481 1684 1511 pugna
1717 1471 1863 1502 terruerit
1895 1471 2013 1502 incolas

1167 1534 1202 1554 ac
1225 1523 1317 1554 litore
1340 1524 1461 1563 potitus
1485 1523 1539 1560 sit,
1572 1526 1677 1564 potest
1708 1524 1806 1555 videri
1837 1525 2014 1556 ostendisse

1166 1578 1311 1618 posteris,
1338 1587 1401 1607 non
1426 1576 1603 1609 tradidisse.

271 1625 460 1657 Mommseni
484 1626 635 1668 exemplis
660 1625 828 1658 nonnullos
852 1628 928 1658 alios
952 1629 1076 1661 adicere
1098 1628 1177 1665 mihi
1200 1629 1322 1661 licebit:

458 1679 608 1711 Jordanis

157 1733 188 1770 2,
214 1733 253 1764 10
272 1732 437 1764 Britannia
460 1732 572 1769 insula,
597 1743 677 1774 quae
699 1734 731 1764 in
748 1733 819 1765 sinu
836 1733 950 1765 Oceani

112 1787 194 1817 inter
218 1785 360 1826 spanias,
385 1785 506 1817 Gallias
531 1789 562 1817 et
577 1785 780 1817 Germaniam
804 1788 866 1818 sita
890 1790 952 1820 est.

156 1892 218 1930 39,
258 1892 322 1924 206
365 1893 435 1932 quis
474 1891 608 1933 denique
647 1891 855 1924 Meotidarum
895 1894 955 1925 iter

111 1945 245 1976 maiores
269 1949 393 1976 nostros
418 1946 540 1986 aperuit
562 1948 611 1976 tot
641 1946 775 1977 saeculis
806 1947 946 1978 clausum

112 1999 288 2030 secretum?

156 2052 185 2087 3,
223 2051 262 2084 17
298 2051 375 2083 haec
410 2062 428 2082 a
462 2051 568 2083 fronte
602 2054 706 2093 posita
738 2056 786 2084 est
809 2053 953 2085 Vistulae

110 2104 268 2142 fluminis,
304 2106 357 2145 qui
392 2104 576 2136 Sarmaticis
601 2106 761 2137 montibus
796 2109 885 2137 ortus
920 2108 952 2138 in

111 2159 281 2199 conspectu
304 2157 462 2189 Scandzae
492 2159 727 2199 septemtionali
752 2158 874 2190 Oceano
897 2162 955 2192 tri-

112 2211 216 2242 sulcus
262 2211 429 2248 inlabitur,
477 2210 677 2242 Germaniam
724 2211 952 2254 Scythiamque

112 2265 346 2295 disterminans.

155 2318 207 2355 49,
232 2318 296 2349 254
310 2318 488 2349 redundans
505 2319 643 2359 sanguis,
668 2318 721 2359 qui
745 2317 773 2348 ei
796 2318 888 2349 solite
913 2319 951 2350 de

111 2372 241 2402 naribus
279 2371 445 2408 effluebat,
485 2371 558 2403 dum
597 2372 755 2403 consuetis
794 2372 949 2403 meatibus

1523 1683 1652 1714 Tacitus

1213 1738 1288 1779 Agr.
1333 1739 1373 1769 10
1419 1736 1614 1777 (Britannia)
1650 1736 1753 1777 spatio
1789 1747 1824 1767 ac
1861 1737 1945 1767 caelo
1979 1736 2011 1767 in

1168 1792 1321 1822 orientem
1347 1790 1545 1827 Germaniae,
1569 1791 1602 1820 in
1627 1789 1821 1821 occidentem
1840 1789 2013 1830 Hispaniae

1167 1844 1359 1879 obtenditur,
1377 1843 1478 1874 Gallis
1491 1844 1522 1874 in
1541 1843 1701 1874 meridiem
1719 1843 1814 1873 etiam
1835 1843 2012 1883 inspicitur.

1212 1897 1288 1938 Agr.
1306 1897 1348 1928 25
1373 1900 1535 1937 tamquam
1562 1899 1671 1937 aperto
1697 1897 1791 1927 maris
1816 1896 1863 1926 sui
1881 1898 2011 1928 secreto.

1221 2056 1325 2089 Germ.
1371 2058 1386 2087 1
1447 2055 1598 2089 Rhenus.
1643 2056 1842 2087 Raeticarum
1883 2055 2009 2095 Alpium

1167 2111 1326 2141 inaccesso
1360 2112 1391 2140 et
1414 2109 1581 2150 praecipiti
1615 2110 1731 2139 vertice
1754 2112 1856 2144 ortus,
1889 2107 2011 2138 modico

1166 2164 1250 2195 flexu
1288 2164 1320 2194 in
1368 2162 1564 2194 occidentem
1608 2172 1715 2193 versus
1761 2160 2011 2202 septemtrionali

1167 2216 1292 2249 Oceano
1318 2217 1474 2247 miscetur.

1212 2325 1285 2347 ann.
1301 2315 1350 2350 14,
1368 2315 1407 2345 51
1426 2313 1674 2345 tumescentibus
1688 2311 1850 2353 paullatim
1869 2310 2011 2341 faucibus

1167 2372 1199 2400 et
1221 2367 1374 2409 impedito
1399 2370 1504 2398 meatu
1528 2367 1673 2407 spiritum
1697 2364 1835 2395 finiebat,

270 2458 294 2493 ¹)
313 2460 355 2486 Ad
375 2461 450 2487 hunc
468 2461 559 2487 locum
579 2460 664 2487 etiam
684 2460 849 2486 Germaniae
879 2462 968 2495 caput
995 2460 1117 2496 primum
1146 2457 1343 2487 eonferendum
1373 2459 1425 2482 est:
1457 2454 1593 2489 »cognitis
1622 2452 1790 2487 quibusdam
1819 2451 1951 2485 gentibus
1978 2458 2010 2476 ac

112 2503 233 2538 regibus,
260 2512 328 2537 quos
347 2504 366 2530 b
376 2504 486 2530 ellum
513 2513 530 2530 a
540 2504 672 2538 peruit.

113 2546 282 2579 (Massmann
300 2548 321 2575 l.
341 2548 370 2580 1.)

718 2504 831 2530 Rhenus
859 2504 1045 2532 Raeticarum
1064 2504 1177 2539 Alpium
1202 2503 1394 2529 inaccesso
1424 2502 1451 2526 et
1477 2497 1626 2533 praecipiti
1655 2496 1759 2523 vertice
1787 2497 1879 2522 ortus«
1901 2503 1923 2521 e.
1944 2503 1970 2527 q.
1990 2503 2009 2520 s.

1800 2585 1850 2615 5*
