2234 2902
543 330 671 361 Tacitus

236 383 308 414 hist.
335 384 364 419 4,
389 383 430 414 64
453 383 572 414 redisse
595 393 649 414 vos
673 383 704 413 in
728 394 850 425 corpus.

235 488 306 519 dial.
332 488 373 519 28
398 490 433 518 ut
456 489 578 519 sincera
601 490 633 518 et
655 489 778 529 integra
801 491 832 519 et
848 488 941 519 nullis
959 499 1030 529 pra·

190 540 341 571 vitatibus
365 540 488 572 detorta
513 541 604 571 unius
627 541 777 582 cuiusque
803 543 927 572 natura.

236 594 312 633 Agr.
337 594 377 624 35
402 594 515 634 ingens
540 593 687 624 victoriae
710 594 812 626 decus,

350 647 511 677 Accedunt
535 647 566 677 hi
591 647 663 677 loci:

237 709 310 730 ann.
337 699 365 733 2.
390 699 431 730 52
456 699 620 740 disciplina
644 702 675 730 et
699 701 794 730 armis
822 706 987 732 suesceret.

1606 331 1716 363 Florus

1290 385 1316 422 1,
1341 386 1371 422 3,
1396 385 1415 416 9
1439 384 1492 416 sed
1525 385 1557 415 in
1586 394 1677 415 suum
1701 395 1812 426 corpus
1836 385 1952 416 redisse
1975 395 2080 416 rursus

1244 437 1409 469 videretur.

1287 491 1316 527 3,
1349 492 1397 526 12,
1430 490 1450 522 2
1485 489 1558 521 dum
1594 490 1714 521 sincera
1748 490 1850 522 adhuc
1885 494 1916 522 et
1951 491 2078 522 innoxia

1243 542 1400 584 pastoriae
1423 543 1506 574 illius
1530 546 1634 574 sectae
1656 542 1843 584 integritaS.'¹

1288 597 1316 632 3,
1341 596 1391 633 10,
1416 596 1457 628 20
1481 597 1652 627 maximum
1678 597 1826 628 victoriae
1850 597 1953 628 decus.

1290 702 1319 738 4,
1347 702 1394 736 12,
1421 701 1458 733 17
1485 701 1660 743 disciplina,
1693 703 1787 733 armis
1812 703 1904 733 etiam
1931 702 2084 734 Romanis

1244 755 1437 786 adsueverat.

353 803 456 835 Etiam
481 806 512 835 in
536 804 691 836 Justini
716 805 813 835 libros
838 804 989 845 quasdam
1015 806 1189 839 locutiones
1214 807 1368 844 Taciteas,
1393 808 1557 849 praecipue
1582 819 1617 839 ex
1642 807 1820 846 annalibus,
1847 810 2008 850 irrepsisse
2032 809 2081 840 his

192 856 342 897 exemplis
367 868 384 887 a
409 868 458 888 me
481 857 621 888 collectis
646 861 676 888 et
701 858 811 889 ordine
835 859 1022 899 conscriptis
1047 860 1262 892 demonstrare
1285 861 1440 891 conabor:

549 946 677 978 Tacitus

237 1027 310 1048 ann.
339 1018 365 1054 1,
394 1019 407 1047 1
436 1017 541 1048 urbem
560 1017 693 1048 Romam
717 1027 736 1048 a
761 1018 917 1058 principio
941 1029 1030 1060 reges

191 1069 336 1101 habuere.

235 1133 307 1153 ann.
332 1125 358 1158 1,
384 1123 403 1154 5
428 1134 528 1163 neque
552 1124 629 1154 satis
653 1126 849 1164 compertum
874 1127 936 1162 est,
968 1125 1030 1165 spi-

189 1177 312 1206 rantem
348 1175 449 1206 adhuc
484 1176 661 1215 Augustum
700 1176 782 1217 apud
823 1177 929 1207 urbem
964 1176 1031 1208 No-

188 1229 250 1259 lam
276 1240 315 1259 an
340 1229 515 1259 exanimem
539 1230 720 1270 reppererit.

234 1292 306 1312 ann.
335 1282 360 1315 1,
389 1282 425 1313 18
451 1282 482 1312 hi
506 1282 667 1312 verberum
686 1286 786 1319 notas,
812 1283 856 1313 illi
873 1284 1031 1320 canitiem,

190 1334 317 1375 plurimi
341 1334 454 1365 detrita
477 1334 617 1375 tegmina
641 1337 672 1365 et
697 1336 815 1366 nudum
842 1347 953 1376 corpus
978 1347 1030 1366 ex-

189 1388 390 1428 probrantes;
420 1387 460 1419 cf.
485 1398 558 1419 ann.
596 1389 624 1425 1,
659 1389 699 1419 35
736 1389 858 1420 nudant
894 1390 1031 1420 universi

189 1451 330 1481 corpora,
365 1441 524 1471 cicatrices
559 1451 595 1471 ex
631 1441 827 1477 vulneribus„
864 1443 1030 1474 verberum

189 1495 281 1524 notas
305 1494 506 1534 exprobrant.

236 1557 309 1578 ann.
336 1548 366 1582 2,
388 1547 429 1577 24
452 1547 643 1578 secundante
666 1551 769 1578 vento.

236 1610 309 1631 ann.
334 1599 363 1637 4,
389 1600 407 1631 8
433 1599 565 1630 effusum
589 1601 620 1630 in
645 1600 788 1631 lacrimas
816 1604 971 1634 senatum.

236 1663 310 1685 ann.
336 1653 364 1690 4,
390 1654 431 1684 23
455 1654 574 1684 incerta
598 1653 671 1684 belli
695 1656 848 1687 metuens,

234 1716 306 1738 ann.
323 1706 352 1742 4,
377 1706 418 1737 67
434 1706 466 1737 in
485 1707 574 1737 luxus
591 1710 622 1737 et
639 1707 754 1737 malum
773 1708 872 1738 otium
890 1708 1030 1740 resoluti.

233 1769 307 1790 ann.
333 1759 383 1795 11,
409 1759 469 1796 30;
502 1760 550 1796 12,
576 1760 613 1796 8;
645 1760 692 1794 14,
717 1759 772 1791 61:
802 1761 935 1801 genibus
959 1772 1032 1802 pro-

191 1811 324 1842 volutus.

234 1876 308 1895 ann.
335 1866 383 1902 16,
412 1865 451 1897 18
475 1864 635 1896 revolutus
659 1866 696 1897 ad
722 1867 807 1897 vitia.

234 1917 308 1950 hist.
334 1919 362 1954 2,
385 1918 427 1949 76
456 1929 549 1959 quam
582 1919 748 1950 inhonesta
783 1922 850 1950 tam
875 1923 944 1951 tuta
968 1931 1031 1951 ser-

190 1971 272 2001 vitus
297 1974 393 2007 esset;
418 1971 458 2004 ef.
482 1971 559 2012 Agr.
583 1972 635 2003 30.

235 2023 308 2054 hist.
334 2024 363 2060 3,
391 2024 430 2055 10
453 2024 631 2055 crudescere
654 2024 774 2055 seditio.

1589 949 1736 981 <Iustinus

1292 1021 1317 1056 l,
1345 1022 1359 1051 1
1386 1020 1541 1061 principio
1566 1029 1669 1051 rerum
1693 1022 1837 1061 gentium
1856 1022 2084 1063 nationumque

1243 1073 1409 1114 imperium
1434 1084 1529 1113 penes
1554 1084 1641 1114 reges
1666 1076 1741 1106 erat.

1290 1126 1338 1162 11,
1366 1127 1414 1163 15,
1443 1127 1461 1157 6
1486 1125 1622 1157 Dareum
1656 1127 1763 1157 multis
1793 1126 1920 1168 quidem
1946 1128 2082 1159 vulneri-

1243 1179 1310 1215 bus,
1335 1179 1387 1210 sed
1412 1180 1583 1220 spirantem
1608 1180 1709 1210 adhuc
1733 1181 1864 1212 invenit.

1290 1286 1339 1323 12,
1365 1286 1393 1321 8.
1421 1286 1460 1316 12
1495 1286 1660 1316 ostendere
1696 1285 1774 1316 alius
1810 1286 1966 1322 canitiem,
2002 1287 2081 1318 alius

1245 1339 1384 1375 vulnera,
1408 1338 1487 1369 alius
1504 1340 1606 1369 aetate
1630 1342 1816 1380 cousumpta
1844 1349 1985 1380 corpora,
2003 1339 2082 1371 alius

1243 1391 1439 1422 cicatricibus
1463 1391 1626 1423 exhausta.

1288 1550 1338 1586 26,
1364 1550 1393 1587 3,
1417 1550 1437 1580 4
1462 1550 1652 1581 secundante
1677 1552 1781 1582 vento.

1291 1604 1317 1640 1,
1343 1604 1371 1637 8.
1397 1604 1416 1635 9
1441 1603 1579 1634 dolorem
1604 1604 1637 1633 in
1661 1603 1807 1634 lacrimas
1832 1603 1998 1636 effundere.

1288 1656 1339 1693 38,
1368 1657 1393 1693 1,
1419 1657 1437 1687 8
1462 1657 1616 1687 incertum
1641 1655 1714 1687 belli
1739 1656 1862 1688 timens.

1287 1710 1339 1746 30,
1367 1710 1392 1745 1,
1419 1711 1437 1741 7
1461 1709 1622 1740 revolutus
1646 1710 1678 1739 in
1703 1709 1872 1741 luxuriam.

1291 1766 1338 1799 11,
1365 1764 1392 1799 9,
1421 1762 1459 1793 14
1484 1762 1614 1803 pedibus
1639 1762 1833 1802 provolutus.

1288 1870 1316 1905 6,
1342 1869 1371 1905 9,
1397 1869 1416 1900 2
1440 1870 1473 1899 in
1497 1869 1667 1909 segnitiam
1698 1871 1920 1909 torporemque
1944 1869 2082 1901 resoluti.

1288 1923 1339 1960 21,
1364 1922 1393 1959 ἵ),
1421 1922 1460 1954 10
1485 1931 1585 1962 neque
1612 1922 1753 1958 honesta,
1781 1917 1836 1952 'sed
1861 1923 1930 1952 tuta
1954 1922 2084 1953 consilia

1243 1975 1522 2016 circumspiciebat.

1288 2028 1317 2065 8,
1341 2029 1371 2065 4,
1395 2029 1416 2059 4
1439 2028 1642 2059 crudescente
1666 2028 1720 2058 ira.

308 2085 433 2116 Praeter
446 2084 515 2116 illos
529 2095 631 2116 rerum
646 2085 812 2127 scriptores
826 2088 919 2118 etiam
934 2099 995 2125 eos,
1010 2088 1064 2129 qui
1077 2100 1140 2120 non
1155 2089 1369 2131 fungebantur
1382 2090 1440 2120 hoc
1452 2083 1589 2125 munere,
1602 2089 1649 2119 his
1663 2088 1858 2129 temporibus
1872 2087 1974 2119 Taciti
1988 2087 2083 2120 libros

191 2138 290 2168 lectos
315 2138 520 2179 cognitosque
544 2138 690 2169 habuisse
718 2139 915 2171 Ptolemaeus
944 2144 975 2171 et
1000 2141 1157 2173 Lucianus
1181 2153 1238 2173 nos
1261 2142 1383 2178 docent,
1414 2141 1598 2183 quibuscum
1626 2140 1824 2175 Eumenium,
1854 2140 1979 2172 Gallum
2014 2152 2084 2172 ora-

189 2193 299 2227 torem,
328 2192 528 2222 coniunxisse
553 2202 601 2222 me
625 2202 687 2222 non
712 2192 849 2233 pigebit·
892 2193 1162 2226 Ptolemaeus
1185 2195 1282 2236 igitur
1306 2197 1333 2231 2,
1366 2199 1414 2231 11.
1447 2195 1487 2226 27
1513 2206 1549 2226 ex
1583 2194 1685 2225 verbis
1710 2193 1814 2224 Taciti
1844 2205 1918 2226 ann.
1951 2194 1989 2231 4,
2023 2194 2082 2225 73:

191 2243 249 2274 »ad
274 2254 329 2273 sua
354 2244 487 2274 tutanda
511 2244 659 2285 digressis
684 2246 888 2283 rebellibus,‹·
909 2247 941 2277 in
958 2248 1209 2288 septemtrionali
1226 2247 1413 2279 Germaniae
1429 2250 1519 2289 parte
1535 2247 1685 2288 oppidum
1702 2247 1829 2277 nomine
1845 2243 2084 2277 E’catovtdvda

189 2295 284 2326 tuisse
307 2296 466 2327 concludit
488 2299 584 2338 atque
608 2297 660 2328 Lu
673 2299 832 2336 cianus,
864 2290 1021 2340 quomodo
1046 2300 1179 2331 historia
1203 2301 1427 2332 conscribenda
1450 2301 1491 2331 sit
1525 2311 1592 2341 cap.
1617 2299 1676 2331 60:
1712 2300 1785 2330 »καὶ
1807 2295 1867 2337 μὴν
1890 2299 1944 2330 καὶ
1966 2299 2083 2337 μῦθος

184 2351 215 2379 εἳ
234 2360 282 2384 τις
304 2350 499 2390 παρεμπέσοι,
522 2350 650 2386 λεκτέος
672 2352 736 2388 μέν,
764 2350 803 2381 οὐ
831 2348 892 2390 μὴν
914 2355 1086 2388 πιστωτέος
1109 2350 1241 2389 πάντως,
1272 2353 1336 2384 ἀλλ’
1361 2356 1392 2384 ἐν
1414 2355 1500 2393 μέσῳ
1525 2354 1637 2387 θετέος
1662 2356 1728 2387 τοῖς
1751 2348 1835 2387 ὅπως
1857 2350 1898 2383 ἂν
1921 2352 2083 2383 ἐθέλωσιν

185 2400 356 2432 εἰκάσωσιν
380 2403 447 2442 περὶ
469 2402 592 2433 αὐτοῦς(
619 2402 805 2435 Germaniae
843 2405 956 2445 capitis
990 2406 1089 2436 tertii:
1133 2417 1231 2447 »quae
1256 2417 1356 2447 neque
1380 2406 1564 2437 confirmare
1593 2406 1789 2446 argumentis
1815 2414 1917 2446 neque
1940 2404 2083 2436 refellere

184 2455 217 2485 in
241 2455 347 2485 animo
371 2458 434 2487 est:
460 2466 498 2486 ex
521 2457 650 2496 ingenio
673 2467 729 2488 suo
754 2458 886 2498 quisque
912 2458 1017 2490 demat
1034 2458 1081 2489 vel
1099 2459 1193 2490 addat
1210 2459 1322 2490 fidem«
1341 2459 1487 2490 notitiam
1505 2458 1618 2499 prodit.
1667 2457 1811 2499 Denique
1837 2455 2081 2498 Eumenius¹)

344 2525 364 2558 ¹)
386 2526 477 2553 Ritter
495 2536 522 2561 p.
541 2527 626 2553 XXX.
