2197 2958
1066 263 1086 293 3

282 369 468 401 Plutarchus
494 369 553 400 hoc
576 369 645 400 loco
662 367 883 410 Sempronium
901 368 1041 400 Densum
1060 380 1121 399 non
1140 367 1259 405 Pisoni,
1284 371 1319 399 ut
1336 368 1476 405 Tacitus7
1501 369 1554 399 sed
1573 368 1690 399 Galbae
1708 370 1859 400 auxilium
1878 369 2030 400 serentem

126 424 246 464 fingens
273 433 405 454 errorem
433 433 470 452 ex
493 421 571 463 ipsis
594 421 695 453 Taciti
721 422 823 453 verbis
847 423 1041 453 commisisse
1064 422 1142 453 mihi
1167 422 1300 459 videtur,
1329 432 1398 452 cum
1426 432 1470 458 ea,
1501 432 1580 462 quae
1604 422 1765 453 nonnullis
1792 423 1932 453 versibus
1957 426 2032 453 ante

123 479 217 518 caput
243 477 284 508 43
308 476 346 506 de
370 474 435 506 Titi
460 473 533 506 Vini
559 479 661 506 morte
685 475 763 515 legit
787 476 920 515 (wiacuit
950 476 1052 517 primo
1088 476 1152 506 ictu
1187 476 1218 506 in
1256 474 1445 515 poplitem«)
1482 485 1551 505 cum
1589 474 1766 515 Sempronii
1804 475 1901 507 Densi
1938 476 2031 506 caede

123 528 329 560 confunderet
345 528 439 567 (rss‘mg
463 528 607 569 τυφθεὶς
630 526 691 563 τὰς
714 525 827 566 ἰγνύας
851 528 974 567 ἔπεσεκ)
993 531 1023 559 et
1047 539 1238 569 quamquam
1261 526 1485 568 Sempronium
1508 527 1627 558 Galbae
1651 527 1825 558 adiutorem
1852 528 1912 559 alio
1939 528 2032 559 modo

122 593 188 613 sese
211 583 373 622 gerentem
398 580 485 618 facit,
519 584 624 612 tamen
650 581 763 612 verba:
807 582 936 612 »stricto
961 582 1118 622 pugione«
1146 581 1177 611 in
1203 580 1353 611 Graecam
1381 581 1522 620 linguam
1547 580 1716 611 transfert:
1746 579 1969 618 »σπασάμενος
1995 581 2031 612 τὸ

121 634 245 676 ξίφος-,ε
295 633 434 671 Accedit,
460 633 543 674 quod
569 633 750 669 Suetonius,
784 635 837 674 qui
869 634 900 664 in
935 635 1000 665 vita
1023 634 1144 665 Galbae
1168 644 1192 665 c.
1220 633 1262 665 20
1295 634 1403 664 omnia
1426 632 1558 673 profert,
1589 644 1670 674 quae
1694 634 1731 663 ad
1758 633 1890 665 Galbam
1917 636 2031 675 ipsum,

119 688 225 718 omnia
249 687 381 722 omittit,
406 697 486 726 quae
510 687 547 717 ad
574 686 723 717 Pisonem
750 691 781 717 et
805 687 942 728 reliquos
968 687 1087 718 Galbae
1111 688 1228 717 amieos
1253 687 1424 726 pertinent,
1450 695 1488 716 ea
1511 687 1543 716 iu
1570 697 1601 717 re
1625 696 1694 717 cum
1721 686 1823 717 Taciti
1848 687 2030 718 testimonio

119 740 294 771 consentit:
337 751 456 781 »neque
489 740 701 780 praesentium
737 751 927 781 quemquam
958 751 1050 781 opem
1080 741 1262 780 imperatori
1293 740 1373 769 terre
1402 743 1584 771 conatum.«
1635 740 1686 770 Sic
1711 740 1898 770 Plutarchus
1924 744 2032 771 auctor

119 793 231 824 erroris
255 795 365 834 postea
389 793 470 834 apud
495 792 693 832 Xiphilinum
720 793 803 831 (vide
828 792 914 825 Cass,
941 792 1002 824 Dio
1026 794 1078 829 64,
1104 793 1136 832 6)
1160 793 1284 832 repetiti
1311 793 1407 823 fuisse
1432 792 1566 824 videtur.

277 845 383 877 Etiam
409 847 465 877 hos
490 846 575 876 locos
599 846 807 876 conferendos
830 856 992 886 propono:

410 898 494 931 Plut.
518 897 601 929 Galb
636 899 676 929 29
1465 898 1538 930 Tac.
1565 899 1638 931 hist.
1666 901 1693 935 1,
1718 900 1760 929 49

167 951 311 983 Τοιαῦτα
335 949 376 982 τοὶ
397 950 484 982 κατὰ
508 949 563 982 τὸν
588 949 730 992 Γάλβαν,
759 949 865 992 ἄνδρα
889 951 966 990 μήτε
1226 952 1319 982 Hunc
1347 953 1466 982 exitum
1497 951 1608 982 habuit
1637 951 1764 982 Servius
1793 952 1903 988 Galba,
1932 952 2034 983 tribus

117 1006 204 1044 γένει,
227 1003 305 1042 μήτε
327 1003 453 1044 πλούτῳ
476 1003 597 1035 πολλῶν
620 1003 868 1046 ἀπολειφθέντα
889 1004 964 1035 Ῥω-
1180 1008 1213 1037 et
1244 1007 1448 1046 septuaginta
1479 1006 1573 1035 annis
1603 1006 1742 1046 quinque
1771 1006 1931 1046 principes
1961 1016 2034 1046 pro-

117 1059 232 1097 μαίων,
256 1057 339 1096 ὁμοῦ
362 1058 396 1087 δὲ
412 1056 541 1097 πλούτῳ
563 1058 618 1088 καὶ
640 1061 720 1096 γένει
737 1056 966 1097 πρωτεύσαντα
1068 1084 1070 1098 ;
1181 1069 1270 1099 spera
1297 1060 1426 1089 fortuna
1451 1068 1597 1088 emensus
1624 1061 1655 1088 et
1677 1058 1781 1089 alieno
1805 1059 1938 1099 imperio
1964 1058 2033 1089 teli-

117 1109 243 1142 πάντων
279 1111 342 1141 τῶν
377 1109 460 1141 καθ’
486 1108 598 1148 αὐτόν,
633 1112 722 1141 πέντε
745 1110 771 1141 δ’
797 1110 964 1151 miz-oxya—
1069 1105 1070 1108 Ἴ
1179 1114 1245 1143 cior
1269 1123 1362 1153 quam
1395 1122 1462 1143 suo.
1510 1111 1610 1142 Vetus
1646 1112 1676 1142 in
1715 1112 1835 1142 familia
1872 1111 2032 1147 nobilitas.

117 1167 219 1209 τάρων
248 1167 430 1207 ἡγεμονίαις
463 1167 669 1208 ἐμβιώσαντα
693 1165 775 1206 μετὰ
798 1168 887 1206 τιμῆς
910 1170 963 1199 καὶ
1066 1113 1069 1206 i
1180 1174 1317 1205 magnae
1341 1175 1434 1205 opes;
1476 1165 1535 1205 ipsi
1565 1164 1702 1195 medium
1736 1165 1899 1204 ingenium
1932 1165 2031 1204 magis

116 1218 221 1260 δόξης,
1065 1210 1068 1271 Ι
1178 1223 1268 1250 extra
1293 1219 1370 1248 vitia
1395 1227 1490 1258 quam
1516 1227 1586 1248 cum
1613 1218 1796 1249 virtutibus.

280 1273 322 1305 Hi
349 1274 407 1305 loci
445 1275 527 1305 inter
563 1285 594 1305 se
630 1274 804 1315 comparati
829 1274 1034 1305 Plutarchum
1060 1273 1173 1304 Tacito
1210 1274 1336 1302 auctore
1372 1282 1461 1301 usum
1499 1280 1567 1301 esse
1602 1271 1780 1301 luculenter
1814 1281 1871 1301 nos
1907 1271 2032 1303 docent.

117 1328 266 1368 quoniam
293 1327 405 1362 locum,
430 1338 523 1368 quem
550 1328 599 1357 hio
623 1337 685 1358 non
712 1338 728 1357 e
753 1328 903 1364 tontibus,
939 1328 992 1358 sed
1017 1338 1055 1358 ex
1079 1338 1135 1357 sua
1159 1326 1257 1367 ipsius
1283 1325 1483 1365 reputatione
1508 1324 1625 1360 hausit,
1658 1324 1740 1364 apud
1772 1324 1860 1354 illum
1896 1323 1959 1354 fere
1991 1325 2031 1354 ad

117 1380 244 1411 verbum
271 1381 462 1421 exscriptum
487 1381 676 1412 invenimus.
726 1380 854 1411 Tacitus
880 1381 962 1411 enim
988 1381 1213 1422 imperatorum
1240 1382 1271 1409 et
1295 1379 1432 1408 virorum
1459 1377 1640 1413 illustrium,
1676 1387 1811 1417 quornm
1844 1388 1892 1408 res
1925 1380 2033 1418 gestas

117 1444 217 1474 usque
239 1434 277 1464 ad
303 1434 387 1464 vitae
411 1433 506 1464 finem
532 1434 698 1464 scribendo
723 1437 905 1474 persecatus
930 1437 987 1471 est,
1019 1433 1098 1464 vitia
1132 1435 1163 1463 et
1192 1432 1325 1462 virtutes
1350 1431 1386 1461 ad
1418 1433 1611 1472 postremum
1637 1431 1675 1461 de
1705 1431 1831 1471 integro
1855 1430 2030 1471 legentium

115 1488 229 1518 animis
253 1487 415 1528 oculisque
439 1497 614 1528 proponere
637 1486 716 1518 solet
740 1487 796 1527 (cf.
821 1487 896 1519 hist.
923 1489 952 1523 2,
977 1488 1035 1523 503
1068 1486 1097 1523 3,
1123 1487 1183 1521 34;
1220 1486 1250 1521 3,
1275 1485 1335 1520 75;
1373 1486 1403 1520 3,
1429 1484 1488 1520 86;
1525 1494 1597 1515 ann.
1624 1484 1722 1521 6,51)‚
1749 1494 1811 1524 qua.
1836 1483 1873 1513 de
1898 1493 2030 1513 consue·

117 1541 227 1571 tudine
251 1551 291 1571 ne
315 1540 374 1571 hoc
397 1540 523 1581 quidem
550 1540 618 1571 loco
642 1541 772 1572 recedit.

276 1593 420 1624 Alterum
446 1604 519 1624 vero
547 1593 650 1634 »longi
676 1594 761 1624 illius
786 1596 818 1624 et
841 1594 933 1624 unius
959 1594 1054 1624 anni«
1081 1594 1303 1633 imperatorem
1322 1594 1514 1621 tractaturus
1533 1591 1589 1621 hos
1607 1590 1702 1625 locos,
1728 1589 1843 1630 quibus
1861 1589 2032 1620 Suetonius

117 1657 174 1684 res,
200 1656 282 1687 quae
307 1647 345 1677 ad
371 1645 529 1677 Othonem
565 1650 722 1687 spectant,
757 1647 789 1677 in
814 1645 960 1684 Othonis,
996 1646 1186 1677 Plutarchus
1223 1651 1326 1675 autem
1354 1648 1385 1674 et
1410 1643 1539 1674 Tacitus
1577 1645 1607 1674 in
1634 1643 1754 1674 Galbae
1791 1644 1855 1674 vita
1891 1645 2033 1677 narrant.

116 1699 264 1740 colligere
288 1703 320 1730 et
343 1699 454 1730 afferre
480 1711 542 1730 non
567 1700 679 1730 inutile
704 1711 772 1731 esse
795 1701 919 1741 putavi:

595 1752 682 1785 Suet.
707 1752 807 1784 Otho
1342 1749 1416 1782 Tac.
1443 1750 1517 1782 hist.
1543 1749 1689 1789 (Galba)
1765 1749 1847 1780 Plut.
1872 1749 1998 1780 Galba

121 1807 139 1836 2
163 1809 194 1837 et
219 1807 237 1836 3
263 1804 362 1845 (Otho
387 1809 419 1836 et
442 1805 592 1847 Poppaea
616 1805 750 1847 Sabina)
1481 1803 1552 1837 l‚l3
1858 1803 1897 1833 19

119 1860 140 1890 4
163 1860 214 1899 (de
239 1859 493 1898 mathematicis)
1480 1857 1552 1894 1‚22
1856 1856 1898 1887 23

118 1913 138 1942 4
162 1911 261 1953 (Otho
287 1912 441 1943 militibus
466 1923 613 1943 nummos
637 1912 821 1944 dividendos
846 1915 948 1952 curat)
1306 1911 1307 1942 Ξ
1480 1910 1553 1941 1-24
1857 1910 1898 1941 -30

119 1965 137 1995 5
162 1966 249 2007 (spes
274 1964 421 2001 Othonis,
446 1966 522 2003 tore,
546 1968 583 1996 ut
606 1977 623 1996 a
648 1965 750 1997 Galba
774 1966 955 2007 adoptetur)
1480 1962 1551 2000 &13
1723 1907 1727 2094 ἲ
1855 1964 1893 1994 21

118 2020 138 2050 5
162 2017 381 2059 (Onomastus)
1305 2039 1307 2051 ;
1480 2016 1552 2050 125
1815 2017 1875 2051 243
1905 2017 1946 2047 25

119 2072 137 2102 6
161 2072 218 2109 (de
242 2071 396 2103 Milliareo
420 2073 528 2110 aureo)
1480 2069 1553 2105 127
1856 2070 1898 2100 24

120 2125 139 2155 6
165 2125 216 2164 (de
240 2125 364 2156 Pisonis
387 2125 492 2164 caede)
1305 2126 1306 2141 ¹
1479 2123 1551 2157 1,43
1723 2100 1726 2173 Ι
1855 2123 1895 2153 27

278 2177 408 2209 Maximi
432 2182 537 2209 antem
563 2179 716 2209 momenti
742 2177 783 2208 ad
807 2178 888 2209 hanc
912 2180 1128 2220 quaestionem
1154 2162 1337 2208 solvendam
1365 2177 1395 2207 lii
1421 2176 1547 2217 quidem
1573 2176 1631 2207 loci
1657 2176 1735 2207 mihi
1761 2175 1917 2213 videntur,
1941 2187 2032 2216 quos,

119 2240 309 2271 quamquam
334 2230 373 2262 ab
397 2230 468 2262 aliis
492 2233 620 2262 tractati
645 2234 729 2269 sunt,
739 2230 762 2270 ¹)
787 2231 890 2263 denuo
914 2232 1117 2273 proposuisse
1141 2234 1173 2262 et
1196 2231 1373 2261 illustrasse
1396 2241 1445 2260 me
1470 2238 1533 2259 non
1559 2229 1694 2270 pigebit:

322 2283 404 2316 Plut.
430 2283 503 2315 Oth.
529 2285 549 2317 9
802 2302 803 2324 ;
1245 2283 1320 2316 Tac.
1345 2283 1418 2315 hist.
1444 2284 1474 2319 2,
1499 2282 1558 2318 37;
1583 2282 1625 2313 38

950 2338 1083 2369 Invenio
1106 2337 1190 2379 apud
1215 2337 1367 2378 quosdam
1393 2339 1538 2367 auctores
1563 2346 1678 2376 pavore
1707 2336 1779 2366 belli
1812 2346 1865 2366 seu
1898 2333 2031 2365 fastidio

861 2392 1024 2433 utriusque
1054 2391 1224 2432 principis,
1264 2400 1396 2430 quorum
1433 2388 1556 2429 flagitia
1588 2399 1623 2419 ac
1651 2388 1786 2419 dedecus
1814 2389 1974 2429 apertiore
1998 2387 2029 2417 in

861 2445 926 2475 dies
940 2444 1026 2475 fama
1038 2444 1262 2480 noscebantur,
1280 2443 1444 2473 dubitasse
1461 2441 1626 2478 exercitus,
1643 2452 1719 2471 num
1736 2441 1840 2482 posito
1857 2441 2030 2471 certamine

863 2497 911 2528 vel
945 2496 1006 2539 ipsi
1042 2497 1073 2527 in
1111 2497 1248 2527 medium
1284 2495 1516 2530 consultarent,
1552 2493 1599 2524 vel
1637 2493 1762 2524 senatui
1796 2494 2029 2534 permitterent,

161 2335 231 2366 Καὶ
254 2337 350 2367 τοῦτο
373 2337 430 2374 μὲν
446 2337 582 2376 διηγεῖτο
598 2337 751 2369 Σεκοῦν-

119 2391 175 2425 ι)ος
209 2387 225 2420 ὁ
261 2387 367 2431 ῥήτωρ
403 2391 451 2421 ἐπὶ
485 2390 548 2421 τῶν
581 2391 753 2422 ἐπιστολῶν

118 2440 284 2480 γενόμενος
330 2444 389 2474 τοῦ
429 2441 586 2479 Ὄθωνος·
636 2446 753 2483 ἑτέρων

118 2491 184 2526 δί’ν
221 2494 362 2534 ἀκούειν,
396 2493 445 2528 ὅτι
484 2502 550 2533 τοῖς
593 2494 753 2537 στρατεύ-

280 2566 299 2595 ¹)
320 2568 479 2594 Mommsen.
498 2569 517 2595 1.
536 2569 554 2595 l.
573 2570 598 2594 4.
617 2570 682 2599 307;
704 2569 802 2595 Clnson
823 2578 850 2602 p.
871 2569 916 2598 13:
938 2568 1032 2602 Lange
1051 2577 1069 2601 p
1097 2568 1122 2593 5.

1822 2611 1833 2638 1
1850 2609 1867 2627 a:
