2234 2902
1112 226 1154 257 38

189 343 272 373 enim
296 350 359 376 eos.
389 340 442 380 qui
467 342 580 369 natura
604 347 666 368 non
692 338 784 367 erant
814 335 873 365 dii:
913 335 995 365 inter
1025 342 1104 373 quos
1136 333 1271 363 maxime
1296 331 1484 363 Mercurium
1508 331 1747 368 venerabantur,
1782 332 1831 362 cui
1855 333 1949 363 certis
1972 332 2081 362 diebus

190 394 335 425 humanis
359 402 483 433 quoque
514 390 628 421 hostiis
653 389 745 420 litare
770 389 1008 419 consueverant.
1054 384 1137 416 Deos
1160 395 1233 416 suos
1257 396 1357 426 neque
1381 384 1507 425 templis
1531 384 1697 420 includere,
1722 395 1823 425 neque
1847 385 1929 415 ullae
1952 384 2082 416 humani

190 447 251 478 oris
283 444 398 487 speciei
429 443 615 475 adsimulare
647 452 685 473 ex
718 439 938 481 magnitudine
970 441 1001 470 et
1032 438 1189 479 dignitate
1220 438 1402 469 coelestium
1438 437 1583 468 arbitrati
1619 439 1702 468 sunt.
1756 436 1857 468 Lucos
1888 447 1923 468 ac
1953 448 2083 468 nemora

189 500 405 531 consecrantes
448 497 638 536 deorumque
674 494 855 525 nominibus
891 492 1087 533 appellantes
1123 493 1276 522 secretum
1307 491 1383 521 illud
1417 491 1485 521 sola
1520 490 1697 520 reverentia
1738 489 2045 530 contemplabantur.
2056 487 2081 527 ¹)

192 551 340 592 Auspicia
371 552 402 581 et
433 552 532 580 sortes
565 557 660 589 quam
693 547 828 577 maxime
860 545 1080 576 observabant.
1135 542 1273 574 Sortium
1300 543 1493 574 consuetudo
1522 542 1653 583 simplex
1686 545 1762 575 erat.
1818 541 1949 584 Virgam
1982 542 2084 584 frugi-

192 606 276 636 ferae
299 603 402 634 arbori
425 603 559 634 decisam
588 601 620 631 in
653 599 793 631 surculos
824 596 1036 638 amputabant
1067 607 1181 637 eosque
1204 597 1288 627 notis
1311 596 1498 637 quibusdam
1522 595 1675 626 discretos
1700 606 1792 636 super
1816 595 1980 627 candidam
2011 606 2081 626 ves-

190 662 254 689 tem
286 660 404 688 temere
434 666 468 686 ac
499 654 631 685 fortuito
664 651 874 693 spargebant;
914 661 1003 687 mox,
1035 651 1060 680 si
1093 648 1218 690 publica
1250 647 1438 679 consultatio
1471 648 1540 683 fuit.
1578 647 1721 678 sacerdos
1746 647 1864 688 populi,
1896 648 1922 678 si
1944 648 2080 689 privata,

189 711 256 752 ipse
279 708 506 751 paterfamilias
529 708 673 747 precatus
698 706 771 735 deos
795 703 977 743 coelumque
1007 702 1179 743 suspiciens
1202 704 1250 732 ter
1274 701 1414 742 singulos
1438 700 1521 738 tulit,
1546 699 1740 741 sublatisque
1765 700 1934 732 secundum
1950 701 2082 742 impres—

191 773 258 795 sam
283 765 355 793 ante
380 765 489 792 notam
514 760 739 799 interpretatus
763 760 821 789 est.
868 755 901 787 Si
924 755 1163 797 prohibuerunt,
1188 754 1274 784 nulla
1298 754 1335 784 de
1368 754 1475 784 eadem
1506 765 1539 784 re
1568 754 1636 794 ipsa
1660 752 1710 784 die
1735 753 1935 789 consultatio,
1959 754 1986 784 si
2010 765 2080 794 per-

190 816 320 847 missum
345 816 402 850 est,
434 818 579 843 eventum
604 810 706 841 adhuc
728 810 805 840 fides
830 809 1019 848 exigebatur.
1068 808 1183 838 Avium
1207 817 1298 837 voces
1333 806 1518 847 volatusque
1552 807 1748 846 interrogare
1783 807 1943 847 proprium
1979 808 2083 847 gentis

189 869 273 900 illius
296 870 372 906 erat.
419 865 580 906 Equorum
612 874 736 904 quoque
766 863 931 902 praesagia
961 871 996 891 ac
1029 861 1167 891 monitus
1199 859 1334 900 experiri
1357 858 1562 900 hinnitusque
1586 869 1621 890 ac
1646 859 1790 889 fremitus
1814 857 2000 899 observare;
2026 869 2084 890 nec

190 922 246 953 ulli
270 920 407 960 auspicio
432 919 533 949 maior
556 916 632 947 fides
656 925 721 946 non
746 915 846 946 solum
872 914 955 955 apud
979 913 1112 954 plebem,
1136 912 1189 942 sed
1213 911 1295 953 apud
1319 920 1464 952 proceres
1495 912 1680 943 habebatur.
1728 911 1807 942 Erat
1838 915 1870 942 et
1893 912 1955 942 alia
1977 912 2084 943 obser-

193 975 278 1005 vatio
309 972 535 1012 auspiciorum,
568 978 631 1010 qua
661 968 803 1009 gravium
833 967 988 998 bellorum
1020 967 1150 996 eventus
1180 965 1341 1005 explorare
1365 964 1525 1001 solebant;
1560 966 1626 995 eius
1651 965 1766 1005 quippe
1790 964 1903 1005 gentis,
1929 973 1999 995 cum
2023 975 2084 1006 qua

192 1024 374 1058 bellandum
405 1023 475 1059 fuit,
504 1022 662 1062 captivum
687 1031 813 1061 quoquo
837 1020 931 1050 modo
954 1020 1166 1059 interceptum
1190 1028 1259 1048 cum
1284 1017 1382 1048 electo
1406 1018 1602 1057 popularium
1635 1027 1762 1048 suorum
1794 1018 1904 1058 patriis
1928 1027 2083 1058 quemque

194 1080 287 1110 armis
311 1076 508 1108 committere
533 1078 564 1105 et
588 1075 750 1105 victoriam
777 1073 869 1104 huius
893 1072 942 1102 vel
965 1071 1049 1102 illius
1072 1081 1128 1111 pro
1161 1069 1275 1101 indicio
1307 1068 1459 1108 habere2).
1506 1069 1669 1106 Quomodo
1703 1073 1807 1100 autem
1839 1070 1932 1100 certis
1963 1070 2080 1109 diebus,

192 1142 261 1162 cum
285 1133 339 1161 aut
362 1128 528 1160 inchoatur
550 1127 625 1158 luna
648 1128 702 1157 aut
724 1125 883 1167 impletur,
908 1124 1039 1165 agendis
1062 1123 1153 1153 rebus
1170 1123 1455 1163 auspicatissimum
1480 1123 1605 1153 initium
1622 1121 1839 1163 crediderint3)
1863 1125 1895 1153 et
1911 1123 1971 1154 alia
1987 1124 2084 1154 innu-

194 1194 277 1215 mera
301 1193 452 1214 vanarum
476 1181 735 1221 superstitionum
760 1189 884 1219 genera,
909 1177 1022 1218 quibus
1045 1175 1198 1216 implicati
1222 1177 1305 1212 sunt,
1330 1175 1533 1212 obser-verint,
1558 1177 1749 1216 praetereo.‹<

349 1234 512 1266 Accedunt
536 1232 568 1264 hi
598 1232 675 1269 loci,
707 1231 786 1262 alter
811 1230 946 1267 Rudolfi‚
979 1229 1058 1260 alter
1082 1228 1204 1259 Bawari
1232 1227 1409 1266 cuiusdam,
1440 1228 1600 1258 annalium
1633 1227 1834 1258 Fuldensium
1865 1229 2034 1269 scriptoris,
2064 1238 2085 1259 a

189 1289 323 1320 Manitio
348 1290 430 1318 recte
455 1297 524 1317 cum
549 1285 687 1316 Taciteis
712 1283 901 1325 comparati:

235 1341 308 1373 Tac.
334 1351 407 1371 ann.
435 1340 484 1372 12.
517 1339 558 1370 66
586 1339 617 1368 in
651 1339 741 1368 tanta
770 1336 852 1367 mole
876 1345 1031 1366 curarum.
1140 1333 1144 1373 l
1290 1333 1429 1363 Annales
1442 1332 1612 1364 Fuldenses
1630 1344 1656 1365 a.
1671 1343 1698 1366 a.
1717 1333 1780 1364 858
1799 1333 1896 1371 (locus
1913 1332 2082 1364 aRudolfo

1141 1395 1143 1443 Ι
1243 1387 1405 1427 scriptus):
1431 1385 1527 1416 subiit
1543 1396 1647 1427 regem
1664 1396 1806 1416 curarum
1824 1385 1959 1416 maxima
1975 1385 2082 1417 moles.

1289 1440 1373 1471 Anu.
1409 1438 1497 1470 Fuld.
1534 1450 1560 1471 a.
1597 1450 1624 1471 a.
1661 1439 1725 1471 894
1761 1438 1862 1480 (locus
1897 1449 1915 1469 a
1949 1437 2082 1470 Bawaro

1245 1492 1408 1532 scriptus):
1447 1495 1686 1532 vesperascente
1721 1492 1782 1522 iam
1819 1492 1885 1528 die;
1923 1491 1963 1523 cf.
1997 1502 2024 1524 a.
2056 1502 2082 1523 a.

1245 1545 1325 1576 896:
1350 1546 1412 1575 iam
1437 1547 1674 1585 vesperascente
1697 1544 1756 1577 die.

348 1603 447 1635 Locos
471 1613 553 1639 vero,
577 1610 657 1641 quos
680 1611 716 1632 ex
742 1599 996 1630 Widukindo
1029 1599 1106 1629 bene
1141 1599 1302 1640 proposuit
1334 1597 1522 1637 Manitius‚⁴¹)
1555 1598 1656 1628 denuo
1687 1598 1748 1628 alio
1780 1597 1888 1628 ordine
1918 1598 1949 1628 iu
1982 1597 2084 1628 lucem

190 1658 329 1700 proferre
352 1657 391 1688 ab
415 1657 472 1687 hac
497 1655 717 1686 dissertatione
742 1663 804 1684 non
829 1653 965 1683 alienum
989 1662 1056 1683 esse
1079 1652 1206 1692 putavi:

544 1707 673 1738 Tacitus
1556 1702 1767 1734 Widukindus

1290 1757 1318 1793 1,
1343 1756 1383 1787 38
1408 1757 1461 1796 qui
1493 1756 1653 1793 civilibus,
1685 1756 1846 1787 discordiis
1881 1759 1912 1786 et
1946 1756 2083 1787 externis

1244 1809 1334 1839 bellis
1350 1832 1358 1841 .
1376 1833 1384 1840 .
1402 1833 1409 1840 .
1427 1833 1434 1840 .
1460 1809 1619 1841 laboratis,

237 1448 321 1478 Anu.
341 1446 391 1483 16,
415 1446 457 1477 34
473 1445 709 1485 vesperascente
725 1443 786 1472 iam
805 1442 868 1477 die;
893 1443 1031 1471 ceterum

193 1500 231 1532 cf.
257 1511 330 1531 ann.
356 1500 385 1535 1,
411 1498 469 1534 65;
493 1497 568 1528 hist.
592 1497 621 1531 2,
645 1495 687 1527 49
712 1496 948 1535 vesperascente
972 1493 1031 1524 die.

237 1773 310 1794 ann.
335 1763 365 1799 1,
391 1763 406 1793 1
440 1763 552 1792 cuncta
583 1759 743 1791 discordiis
767 1758 911 1790 civilibus
934 1758 1030 1793 fessam

192 1816 232 1847 cf.
256 1826 330 1847 ann.
355 1815 392 1850 2,
425 1815 465 1845 39
497 1813 658 1844 discordiis
693 1813 853 1852 armisque
887 1810 1031 1842 civilibus

191 1879 257 1900 rem
281 1866 441 1907 publicam
464 1866 660 1908 perculisset.

235 1931 309 1952 aun.
336 1921 363 1958 1,
391 1919 431 1952 12
454 1920 525 1961 plus
549 1928 642 1959 quam
665 1918 769 1949 civilia
793 1918 960 1957 agitarent.

235 1983 311 2006 ann.
338 1975 364 2010 1,
390 1973 431 2005 65
455 1983 510 2013 per
533 1983 612 2013 quae
636 1970 772 2012 egeritur
796 1971 919 2001 humus.

238 2036 310 2058 ann.
337 2028 366 2063 1,
390 2026 431 2057 68
455 2036 525 2056 raro
549 2034 642 2066 super
666 2024 776 2056 milite.

238 2090 311 2111 ann.
344 2079 370 2116 1,
403 2078 445 2110 72
475 2078 599 2109 decreta
633 2087 671 2108 eo
706 2086 792 2107 anno
827 2075 1033 2116 triumphalia

196 2133 345 2173 insignia.
369 2131 492 2162 Nomen
511 2131 609 2172 patris
621 2129 743 2171 patriae
760 2153 768 2161 .
786 2154 793 2161 .
812 2154 818 2159 .
843 2128 1032 2169 repudiavit.

1288 1915 1318 1952 3,
1333 1914 1425 1945 18ibi
1437 1915 1610 1955 plusquam
1624 1913 1715 1945 civile
1728 1938 1735 1947 .
1750 1939 1757 1946 .
1772 1910 1785 1946 .’
1796 1914 1913 1944 bellum
1925 1915 2081 1955 coeptum.

1292 1969 1316 2001 1,
1341 1967 1360 1997 5
1385 1971 1451 1998 erat
1475 1969 1557 1998 enim
1582 1969 1688 2008 egesta
1713 1967 1826 1997 humus
1850 1967 1993 2008 plurima.

1291 2022 1318 2057 1,
1343 2021 1384 2051 38
1409 2030 1477 2051 cum
1502 2031 1571 2051 raro
1595 2021 1696 2051 milite
1721 2022 1854 2051 armato.

1289 2075 1318 2111 3,
1344 2074 1384 2104 49
1409 2073 1569 2114 triumpho
1594 2072 1706 2103 celebri
1727 2082 1780 2102 rex
1804 2071 1905 2102 factus
1927 2071 2083 2113 gloriosus

1245 2151 1253 2159 .
1272 2150 1278 2156 .
1296 2151 1303 2158 .
1320 2130 1409 2167 pater
1432 2127 1553 2166 patriae
1576 2126 1812 2166 imperatorque
1832 2123 2008 2165 appellatus
2025 2127 2082 2157 est.

1244 2177 1385 2210 Decretis
1408 2178 1539 2219 proinde
1562 2178 1745 2210 honoribus.

239 2248 313 2270 ann.
337 2237 367 2273 2,
391 2237 431 2269 59
456 2236 541 2267 cultu
566 2235 747 2276 habituque.

238 2301 311 2322 ann.
329 2291 358 2327 4,
383 2290 426 2321 84
449 2288 540 2320 nobis
563 2289 595 2319 in
619 2290 687 2319 arto
711 2291 742 2319 et
762 2287 918 2329 inglorius
935 2287 1032 2318 labor.

238 2343 313 2374 hist.
351 2345 383 2380 1,
418 2343 457 2373 71
495 2340 654 2374 Otho...
679 2351 744 2372 non
779 2339 897 2371 deliciis
932 2349 1033 2379 neque

195 2396 312 2427 desidia
335 2399 520 2436 torpescere.

1291 2232 1317 2267 1,
1346 2232 1383 2262 18
1407 2231 1493 2262 cultu
1517 2231 1698 2270 habituque.

1289 2285 1318 2321 3,
1342 2284 1385 2315 45
1408 2287 1533 2314 nostros
1557 2283 1589 2314 in
1614 2287 1682 2313 arto
1706 2283 1794 2315 sitos.

1290 2337 1320 2374 2,
1344 2337 1385 2368 36
1409 2346 1606 2377 nequaquam
1631 2335 1748 2366 desidia
1772 2335 1909 2376 torpuit:
1944 2333 1982 2367 cf.
2007 2333 2083 2365 Ein-

1246 2389 1336 2427 hart..
1362 2388 1427 2421 Vit.
1451 2388 1555 2419 Caroli
1581 2388 1653 2420 19..

352 2481 377 2515 ¹)
397 2483 488 2509 Germ.
507 2483 531 2508 9.
551 2496 583 2501 -
601 2479 623 2513 2)
643 2481 734 2508 Germ.
753 2480 794 2507 10.
814 2495 845 2498 —
866 2479 887 2512 ³)
906 2480 995 2506 Germ.
1017 2481 1056 2507 11.
1077 2493 1108 2498 -
1128 2478 1150 2511 ⁴¹)
1170 2478 1356 2509 Manitius,
1376 2478 1412 2503 Zu
1433 2477 1582 2503 deutschen
1598 2475 1874 2508 Geschichtsquellen
1888 2474 1934 2500 des
1947 2474 1971 2500 9.
1985 2473 2027 2500 bis
2043 2473 2083 2499 12.

195 2527 406 2559 Jahrbunderts,
426 2527 517 2552 Neues
537 2526 637 2552 Archiv
658 2525 702 2551 fur
722 2525 808 2551 altere
828 2525 960 2550 deutsche
980 2523 1239 2550 Geschichtskunde
1262 2522 1335 2548 1885.
