2234 2902
313 362 472 403 ,Iosephus

103 415 203 457 ρήτων
242 412 391 456 πρότερον
429 414 618 453 Βρεττανῶν
642 417 684 444 οι-

102 471 239 510 ϊνεγκαν
254 466 297 501 τα
312 468 404 502 ὅπλα.
452 469 497 500 Τι’
511 465 568 499 οὑν
584 467 683 504 ὑμεῖς,

102 522 327 562 πλουσιώτεροι
353 522 506 553 Γαλατῶν
530 533 556 554 e.
581 532 611 562 q.
636 531 660 553 s.

100 1002 155 1032 καὶ
172 1002 368 1042 φοινικῶνας
392 999 534 1036 η’σκηται,
553 1000 680 1038 διαρῦο-
722 1011 723 1016 ’

99 1065 175 1092 μενη
198 1053 383 1093 χειμάρροις
405 1064 438 1083 τε·
463 1058 527 1087 τοῖς
542 1048 605 1082 α’πό
619 1052 680 1081 τῶν

100 1106 192 1146 ὀρῶν
209 1107 264 1137 καὶ
282 1111 395 1144 πηγαῖς
411 1104 540 1140 αἐνάοις
556 1104 635 1140 isim.
653 1107 685 1135 εἴ
722 1114 724 1131 1

100 1170 174 1190 ποτε
198 1161 312 1190 ἐκεῖνοι
337 1161 440 1199 σειρίῳ
465 1161 630 1200 φθίνοιεν.

144 1256 215 1288 beu.
245 1256 320 1290 Jud.
353 1261 382 1293 3,
417 1257 466 1294 10,
496 1258 515 1288 7
544 1253 681 1297 (109012-
722 1235 724 1263 ⁵

100 1311 165 1348 νης)
209 1310 378 1348 διεκτέμνει
423 1309 478 1347 τὴν
524 1309 682 1349 Γεννησὰρ

99 1368 207 1400 με’σην,
224 1364 330 1394 ἔπειτα
347 1363 460 1400 πολλὴν
477 1361 677 1403 αναμετρο-ύ-
722 1360 724 1382 ¹

99 1427 193 1453 μενος
225 1419 358 1456 ἐρημίαν
388 1419 432 1451 εἰς
456 1415 512 1453 τὴν
536 1416 680 1458 Ἀσφαλ-
722 1433 723 1443 1

100 1474 177 1500 τῖτιν
211 1468 302 1507 ἔξεισι
337 1470 458 1506 λίμνην.
496 1471 525 1501 8.
562 1471 680 1511 Παρα-

100 1524 192 1553 τείνει
222 1524 256 1553 δὲ
285 1519 340 1560 τήν
366 1523 525 1563 Γεννησὰρ
556 1522 679 1561 ὁμώνυ-

100 1586 158 1612 μος
182 1576 276 1617 χῶρα
300 1587 327 1609 e.
351 1587 382 1618 q.
408 1587 431 1609 S.

144 1780 216 1812 bell.
247 1779 320 1812 Jud.
352 1781 382 1819 4,
416 1785 450 1819 8,
479 1782 499 1812 4
527 1776 619 1820 ἄξιον
648 1782 681 1812 δέ

100 1832 345 1876 ἀφηγήσασθαι
392 1835 447 1865 καὶ
493 1833 546 1871 τὴν
584 1833 682 1876 φύσιν

99 1886 156 1924 τῆς
190 1886 434 1929 Ἀσφαλτίτιδος
461 1888 579 1926 λίμνης,
617 1886 684 1924 ἥτις

100 1941 166 1971 ἐστὶ
196 1939 294 1981 πικρὰ
327 1943 394 1979 μέν,
430 1941 473 1976 (ὸς
504 1943 592 1982 ἔφην,
628 1941 684 1971 καὶ

101 1990 225 2031 ἄγονος,
253 1992 315 2025 ὑπὸ
340 1994 374 2025 δι’
398 1994 604 2036 κουφότητος
627 1995 681 2024 καὶ

101 2046 141 2076 τὰ
180 2043 355 2086 βαρύτατα
394 2047 454 2077 τῶν
492 2049 537 2082 εἰς
575 2043 678 2083 αὐτὴν
724 2053 725 2060 ’

100 2100 259 2140 ῥιφέντων
296 2099 459 2142 ἀναφέρει,
499 2100 681 2131 καταδῦναι

101 2152 135 2182 δὲ
166 2154 210 2187 εἰς
238 2151 292 2183 τὸν
317 2153 436 2193 βυθὸν
464 2153 540 2184 οὐδὲ
574 2156 677 2190 ἐπιτη-

101 2201 264 2236 ὁείσαντα
308 2202 426 2245 ῥᾴδιον.
474 2204 683 2248 Ἀφικόμενος

101 2268 181 2296 γουν
205 2269 231 2290 e.
257 2269 286 2299 q.
310 2269 334 2290 s.

721 743 723 757 ἱ
762 741 874 765 creta.

722 814 723 817 ,
762 791 882 819 secreta.
907 788 1030 824 oceani3

722 842 723 863 ἶ
762 843 806 873 ris
830 843 959 872 secreta.

145 895 218 928 bell.
234 894 309 928 Jud.
333 895 363 932 3,
388 894 418 930 3,
443 893 461 923 3
479 889 514 924 τὸ
537 893 680 922 πλεῖστον
722 898 723 914 1

101 949 134 979 δέ
168 950 212 983 εἰς
243 949 353 979 ἐλαίαν
389 959 420 977 τε
454 948 509 977 καὶ
543 944 681 984 ἄμπελον
722 950 723 982 3

1038 255 1079 284 27

957 360 1157 401 Hegesippus

766 413 837 445 bem
874 413 1030 455 quaesivit
1065 415 1096 443 et
1130 413 1162 443 in
1190 411 1350 442 Brittania

765 470 888 499 remota
911 479 929 498 a
952 467 1089 499 confinio
1114 468 1270 497 terrarum
1289 475 1345 495 no-

1389 463 1391 485 1

763 532 834 552 vam
871 521 930 551 sibi
961 521 1084 551 invenit
1117 519 1348 560 possessionem
1389 536 1390 556 3

764 598 1002 608 ..........
1028 573 1151 603 cessit
1176 571 1347 602 Oceanus

721 630 723 635 ’
764 627 924 658 finibus
949 627 1052 663 suis,
1078 626 1169 656 novit
1186 625 1348 655 Romanus

721 699 723 706 ‹
763 681 962 713 interiora
998 681 1084 711 eius
1121 682 1259 720 petere
1294 689 1348 708 se-

923 732 970 766 Cf.
1000 732 1114 773 Heges.
1152 731 1181 769 5,
1220 731 1270 769 15,
1306 732 1347 762 22

1070 790 1099 824 5,
1133 786 1185 822 46,
1211 786 1251 817 62
1276 794 1345 815 ma-
1389 794 1390 826 ᾗ

1476 457 1553 497 Agr.
1598 457 1639 488 25
1690 469 1759 489 cum
1777 484 1888 493 .....
1941 461 2014 494 hinc

1431 511 1514 540 terra
1544 513 1576 540 et
1615 510 1732 547 hostis,
1774 512 1846 543 hius:
1879 515 1986 546 victu
1998 527 2013 547 s

1431 561 1479 593 Oc
1489 574 1505 593 e
1514 574 1532 593 a
1542 574 1561 593 n
1570 574 1610 593 us
1624 564 1751 594 militari
1765 565 1917 597 iactantia
1928 579 2013 599 com·

1430 620 1624 658 pararentur.
1674 617 1844 650 Britannos
1868 632 1992 662 quoque
2005 647 2013 655 .

1509 696 1515 703 .
1551 672 1618 702 visa
1646 671 1755 702 classis
1781 673 2014 715 obstupefacie—

1430 725 1496 762 bat,
1520 728 1722 767 tamquam
1741 732 1874 768 aperto
1893 730 2013 760 maris

1431 779 1493 810 sui
1532 782 1696 810 secreto
1735 780 1882 811 ultimum
1922 782 2014 813 victis

1389 834 1391 844 ‘
1430 833 1609 875 perfugium
1635 833 1845 865 clauderetur.

808 896 837 931 3,
863 895 892 931 6,
917 894 957 926 37
984 904 1040 925 nec
1064 894 1192 929 mirum,
1227 893 1253 923 si
1282 902 1349 923 om·
1390 907 1391 916 κ

764 950 814 979 nis
848 947 912 978 illic
944 948 1049 988 gratia
1085 945 1258 976 viriditatis
1290 948 1348 981 est,

764 1003 818 1033 ubi
843 1002 985 1033 amoenis
1008 999 1176 1031 fluviorum
1210 998 1349 1029 meati-
1390 1016 1391 1034 2

766 1055 853 1093 bus,
882 1066 919 1086 ex
952 1055 1113 1096 superiore
1138 1053 1349 1084 decurren-
1389 1051 1391 1075 ’ἵ

1390 1091 1391 1122 3
1431 1092 1602 1122 clementer
1633 1091 1718 1122 edito
1761 1092 1916 1122 montis
1942 1091 2015 1122 Ab·

764 1109 867 1140 tium
893 1109 987 1148 iugo
1012 1108 1218 1142 montium,
1240 1116 1349 1146 super-

723 1197 724 1212 ἶ
765 1163 853 1193 fusus
878 1172 952 1202 ager
976 1162 1110 1202 rigatur.

809 1261 837 1296 3,
871 1261 922 1296 26,
956 1259 996 1290 32
1022 1262 1134 1300 postea
1159 1257 1340 1296 (Jordanes)

764 1314 865 1344 lacum
889 1314 996 1349 istum,
1026 1312 1079 1353 qui
1105 1311 1248 1342 Genesar
1271 1310 1346 1341 dici·
1388 1327 1390 1351 1

764 1370 823 1401 tur,
848 1366 950 1397 medio
974 1365 1092 1397 transit
1121 1365 1251 1402 fluento,
1275 1364 1345 1405 qui·
1388 1364 1389 1394 ξ

765 1420 822 1451 bns
847 1431 884 1452 ex
908 1420 984 1451 locis
1001 1419 1139 1460 plurima
1155 1428 1348 1460 supervaga-

764 1478 815 1506 tus
832 1476 955 1506 deserta
972 1473 1161 1515 Asphaltide
1180 1473 1347 1513 suscipitur

762 1528 832 1561 lacu
871 1531 966 1569 atque
1004 1528 1037 1558 in
1082 1537 1152 1557 eum
1191 1526 1348 1557 conditur.

722 1577 723 1581 ¹
763 1583 876 1625 Itaque
919 1583 1018 1613 duos
1058 1582 1174 1612 lacus
1213 1581 1348 1610 victor

763 1647 954 1679 egressus
971 1637 1011 1667 in
1028 1636 1155 1666 tertio
1172 1631 1346 1670 haeret.¹)

763 1690 947 1722 Praetendit
970 1692 1077 1720 autem
1100 1689 1186 1730 regio
1204 1687 1348 1718 Genesar

764 1744 901 1776 eiusdem
925 1744 1064 1774 nominis
1089 1742 1191 1773 lacum
1217 1753 1241 1772 e.
1266 1752 1296 1782 q.
1321 1752 1346 1771 s.

809 1800 839 1836 4,
874 1798 922 1835 18,
960 1798 979 1828 9
1014 1795 1072 1827 sed
1106 1797 1169 1827 iam
1200 1798 1347 1826 naturam
1388 1805 1390 1835 3

764 1852 830 1883 sive
854 1851 1042 1893 qualitatem
1067 1859 1222 1891 aquarum
1247 1849 1349 1890 expri-

765 1915 899 1946 mamus,
922 1917 962 1936 ne
986 1907 1095 1936 noster
1119 1913 1245 1945 quoque
1261 1905 1294 1934 in
1312 1913 1349 1934 eo

764 1959 834 1990 lacu
874 1959 1053 1990 excutiatur
1091 1957 1194 1994 stilus,
1227 1968 1265 1988 ex
1286 1967 1348 1997 quo
1390 1977 1391 1985 1

766 2013 882 2050 omnia,
921 2021 1137 2053 quaecumque
1175 2010 1350 2052 mergenda

765 2066 926 2106 putaveris
958 2065 1107 2102 viventia,
1139 2067 1247 2095 tamen
1272 2064 1349 2095 resi-

764 2118 822 2149 lire
846 2119 953 2160 opinio
988 2121 1037 2150 est
1072 2122 1104 2149 et
1127 2116 1272 2159 quamvis
1296 2128 1349 2148 ve·

765 2171 929 2203 hementer
962 2172 1058 2203 inlisa
1093 2172 1205 2203 statim
1234 2171 1349 2212 excuti,

765 2236 847 2266 aqua
869 2224 938 2266 ipsa
962 2236 1069 2257 amara
1093 2229 1125 2256 et
1149 2225 1276 2263 sterilis,
1301 2225 1350 2256 ni-

724 2303 725 2309 ,
765 2279 810 2309 hil
826 2278 981 2320 recipiens
997 2289 1149 2320 generum
1162 2279 1348 2316 viventium,

764 2332 899 2374 denique
938 2343 1068 2374 neque
1102 2333 1251 2373 pisces,
1287 2342 1350 2362 ne-

765 2396 835 2427 que
858 2389 1046 2417 assuetas
1078 2387 1194 2427 aquis
1226 2388 1257 2417 et
1285 2386 1349 2416 lae-

765 2441 816 2470 tas
870 2440 1032 2481 mergendi
1083 2452 1140 2472 usu

765 2502 863 2523 avem

262 2567 285 2599 ¹)
303 2568 342 2596 Cf.
364 2568 385 2593 V
398 2569 504 2603 ogei,
525 2570 564 2596 De
583 2570 750 2606 Hegesippo,
769 2571 883 2606 Josephi
904 2572 1068 2607 interprete,
1088 2584 1115 2608 p.
1138 2575 1178 2599 50.

1191 2439 1350 2481 patitur
1391 2442 1392 2451 ³

1476 1039 1582 1071 Germ.
1609 1038 1623 1068 l
1662 1037 1828 1069 Danuvius
1864 1037 1950 1069 molli
1984 1042 2015 1069 et

1430 1144 1557 1177 nobae
1593 1147 1689 1186 iugo
1725 1145 1886 1177 effusus
1905 1171 2014 1179 .....

1430 1201 1532 1232 donec
1566 1201 1599 1231 in
1635 1199 1802 1231 Ponticum
1839 1210 1927 1231 mare
1961 1211 2015 1231 sex

1389 1265 1390 1272 ¹
1432 1255 1628 1286 meatibus
1652 1259 1809 1296 erumpat.

1474 1566 1549 1599 hist.
1575 1568 1606 1603 5,
1631 1567 1650 1598 6
1676 1577 1733 1597 nec
1749 1566 1905 1598 Jordanes
1929 1567 2016 1608 pela-

1429 1629 1469 1659 go
1491 1620 1654 1661 accipitur,
1680 1619 1733 1650 sed
1749 1630 1870 1650 unum
1895 1624 2014 1661 atque

1429 1673 1599 1704 alterum
1617 1671 1749 1703 lacum
1766 1672 1922 1714 integer
1936 1684 2016 1713 per-

1430 1725 1544 1763 fluit,
1568 1728 1696 1758 tertio
1720 1727 1948 1757 retinetur.

1475 2200 1551 2233 hist.
1576 2200 1606 2240 5,
1630 2199 1650 2231 6
1675 2208 1776 2239 neque
1793 2200 1887 2229 vento
1903 2197 2017 2239 impel-

1431 2253 1508 2285 litur
1531 2264 1658 2296 neque
1682 2255 1817 2295 pisces
1842 2255 1912 2283 aut
1937 2262 2016 2283 sue-

1432 2311 1496 2340 tas
1519 2309 1632 2350 aquis
1650 2308 1835 2339 volucres
1852 2307 2016 2348 patitur.
