2197 2958
1086 247 1124 277 12

309 354 370 387 Dio
395 356 444 393 60,
469 355 510 387 30
536 371 569 379 ἶ
593 353 667 386 Tac.
692 364 766 385 ann.
794 354 843 389 11,
871 352 963 383 18—-
983 352 1025 382 20
1049 351 1100 392 (de
1124 349 1313 382 Corbulonis
1337 350 1369 380 in
1394 348 1564 380 Germania
1586 350 1678 381 rebus
1701 351 1821 391 gestis).

310 408 372 439 Dio
398 408 450 445 60,
474 407 514 439 31
541 423 576 431 Ξ
599 417 671 438 ann.
698 406 747 442 11,
774 406 934 441 26——383
959 405 997 435 ct.
1026 405 1075 442 11,
1102 405 1162 440 12;
1189 403 1239 440 11,
1264 403 1282 433 5
1309 401 1358 442 (de
1382 401 1552 433 Messalina
1574 406 1605 434 et
1629 402 1731 445 Silio).

310 461 371 492 Dio
397 460 449 498 60,
473 460 510 492 31
596 469 670 490 ann.
699 461 747 494 12.
775 457 899 494 1-43
934 458 974 490 cf.
1000 457 1139 488 Zonaras
1165 457 1214 493 11,
1241 455 1281 487 10
1362 465 1433 486 ann.
1463 456 1509 491 l2,
1536 457 1604 485 1—
1621 456 1638 487 7
1664 454 1717 497 (de
1737 455 1860 487 Claudii
1884 458 1915 487 et
1931 456 2048 497 Agrip-

151 518 243 558 pinae
267 513 414 556 nuptiis).

312 567 373 598 Dio
398 568 449 603 60,
474 568 514 598 32
599 576 672 596 ann.
697 564 747 602 12,
773 564 834 598 41;
860 564 910 599 12,
935 564 971 600 93
998 565 1047 597 12,
1071 564 1106 599 8;
1140 564 1189 597 12,
1213 563 1272 598 22;
1308 562 1348 594 cf.
1374 563 1424 599 12,
1451 563 1463 591 l
1492 572 1538 602 sq.
1563 561 1614 601 (de
1638 560 1763 593 Nerone
1787 564 1818 593 et
1841 562 2048 602 Britannico).

312 620 450 651 Zonaras
478 621 528 656 11,
556 619 596 650 10
622 635 626 642 1
677 628 748 648 ann.
775 618 824 654 12,
849 617 1001 648 36—37
1027 616 1077 655 (de
1101 614 1262 651 Carataco,
1286 614 1490 645 barbarorum
1513 614 1613 653 duce).

310 672 446 705 Neronis
465 675 570 703 autem
596 671 628 701 in
654 681 751 711 regno
778 670 935 700 narrando
952 667 1078 700 Cassius
1096 668 1156 699 Dio
1179 678 1242 698 non
1267 668 1360 698 modo
1384 668 1528 698 ultimam
1551 667 1712 698 annalium
1732 670 1865 709 partem,
1882 667 1937 699 sed
1953 667 2047 700 etiam

152 727 291 758 libellum
317 726 355 757 de
381 725 530 766 Agricola
555 724 612 755 hac
635 725 759 754 ratione
783 723 956 763 inspexisse
980 719 1149 760 videtnr:¹)

312 779 373 810 Dio
398 779 450 815 61,
475 778 493 808 3
518 787 557 800 Ξ
582 786 654 807 ann.
682 777 730 812 13,
755 776 774 807 3
800 775 853 816 (de
877 774 1012 806 Neronis
1037 774 1188 812 oratione,
1214 785 1283 805 cum
1308 774 1473 815 imperium
1498 774 1628 813 inierit).

314 832 374 863 Dio
399 831 450 869 61,
475 830 494 862 3
520 839 559 853 =
583 839 660 862 ann.
686 830 735 865 13,
760 830 780 859 5
805 829 857 866 (de
880 829 1079 869 Agrippinae
1103 827 1276 868 superbia).

314 885 375 916 Dio
401 886 453 921 61,
480 885 499 916 6
527 883 580 922 (cf.
607 883 667 913 Dio
691 882 743 919 59,
768 882 801 922 8)
826 891 864 904 =
889 892 961 912 ann.
990 881 1039 918 13,
1066 882 1081 912 1
1108 881 1159 920 (de
1184 879 1293 911 Sabini
1315 880 1435 919 caede).

313 938 375 969 Dio
400 937 450 974 61,
478 938 496 968 8
522 946 560 959 Ξ
586 947 661 966 ann.
690 937 737 972 13,
765 936 803 966 18
830 938 862 965 et
890 934 929 965 19
955 934 1126 975 (quomodo
1150 932 1233 964 Nero
1259 934 1468 974 Agrippinam
1492 933 1727 964 custodiendam
1751 934 1930 972 curaverit).

314 991 375 1022 Dio
401 990 452 1027 61,
476 991 494 1020 2
523 999 561 1012 =
586 999 659 1019 ann.
688 989 735 1025 14,
762 989 781 1019 9
807 988 897 1028 (quid
923 987 1102 1028 Agrippina
1125 987 1162 1017 de
1187 998 1220 1017 se
1243 987 1313 1027 ipsa
1335 986 1586 1028 praedicaverit).

312 1043 431 1075 Verum
456 1043 547 1084 plura
572 1053 609 1072 ex
633 1042 794 1072 annalium
821 1041 910 1071 libris
933 1039 1018 1071 XIV.
1034 1039 1176 1071 —XVL
1201 1040 1336 1080 vestigia
1358 1040 1391 1070 in
1418 1039 1528 1070 Dionis
1551 1039 1638 1070 libris
1662 1037 1819 1077 insuntz2)

313 1097 374 1128 Dio
387 1096 439 1133 62,
459 1097 473 1126 l
489 1113 531 1118 —
553 1095 570 1126 7
586 1104 623 1117 =
637 1105 711 1126 ann.
728 1095 776 1130 14,
794 1094 946 1130 31-40;
972 1093 1048 1133 Agr.
1068 1093 1110 1125 30
1126 1103 1187 1133 sq.;
1212 1093 1251 1125 cf.
1269 1093 1344 1133 Agr.
1364 1093 1404 1124 16
1421 1092 1472 1132 (de
1491 1092 1653 1129 Boudicca,
1677 1091 1903 1123 Britannorum
1919 1092 2053 1133 regina).

315 1150 376 1181 Dio
401 1151 452 1186 62,
485 1149 525 1179 13
549 1157 588 1171 Σ
613 1158 685 1179 aun.
711 1148 762 1183 ’14,
786 1148 827 1178 51
853 1146 904 1187 ((10
928 1146 1091 1186 Sophonio
1115 1145 1298 1186 Tigellino).

312 1203 372 1234 Dio
399 1203 451 1240 62,
482 1203 519 1233 14
546 1211 584 1224 =
609 1211 684 1232 ann.
712 1202 760 1237 14,
785 1200 827 1231 59
851 1201 903 1238 ((10
927 1199 1032 1230 Plauti
1056 1200 1207 1237 excessu).
1220 1197 1244 1237 3)

316 1256 378 1287 Dio
403 1257 453 1292 62,
479 1256 520 1286 16
536 1272 576 1277 —
594 1255 632 1285 18
659 1263 695 1276 Ξ
722 1263 796 1284 ann.
825 1254 874 1289 15,
900 1252 1053 1284 38—44
1078 1253 1127 1292 (de
1151 1251 1238 1282 urbis
1263 1251 1382 1282 Romae
1405 1250 1573 1293 incendio).

315 1308 375 1340 Dio
401 1309 451 1346 62,
477 1309 606 1339 19-23
631 1316 669 1329 =
695 1318 767 1337 ann.
796 1307 846 1344 13,
871 1307 927 1342 34;
960 1308 1008 1342 13,
1033 1306 1090 1342 353
1118 1305 1167 1345 13,
1191 1305 1251 1342 413
1278 1305 1327 1340 14,
1351 1306 1410 1341 23;
1437 1305 1486 1342 15,
1513 1303 1652 1344 1—294)
1678 1303 1730 1346 (de
1754 1303 1940 1335 Corbulonis
1963 1304 2054 1335 rebus

153 1366 186 1396 in
212 1364 365 1395 Armenia
388 1362 511 1402 gestis).

318 1415 379 1446 Dio
404 1415 455 1451 62,
482 1415 522 1445 25
537 1412 564 1449 5)
589 1423 627 1437 =
653 1424 725 1443 ann.
756 1413 806 1449 15,
831 1411 925 1443 60—-
940 1412 981 1443 63
1007 1412 1058 1451 (de
1083 1410 1218 1442 Senecae
1242 1414 1274 1442 et
1297 1411 1447 1442 Paulinae
1471 1410 1652 1451 mortibus).

316 1468 379 1499 Dio
405 1468 463 1504 62,,
486 1467 526 1498 26
551 1476 590 1489 =
617 1477 690 1498 ann.
719 1467 774 1502 16,
800 1466 859 1501 32;
883 1466 942 1502 33;
967 1466 1024 1501 31;
1049 1466 1106 1501 213
1130 1465 1171 1496 35
1197 1465 1247 1504 (de
1271 1464 1382 1496 Sorani
1407 1467 1438 1495 et
1462 1463 1621 1495 Thraseae
1644 1463 1814 1506 caedibus).

318 1521 380 1552 Dio
405 1522 456 1555 62,
481 1520 521 1551 27
548 1529 587 1542 =
612 1530 685 1551 ann.
712 1520 762 1556 16,
788 1518 826 1555 Τ,
852 1520 903 1556 16,
929 1519 966 1555 8;
992 1519 1042 1554 15,
1068 1518 1128 1555 57;
1155 1519 1204 1556 15,
1230 1518 1284 1558 713
1312 1519 1360 1555 16,
1386 1518 1404 1548 6
1429 1518 1598 1558 (quomodo
1622 1516 1655 1548 C.
1681 1516 1816 1552 Cassius,
1840 1517 1954 1549 Junins
1978 1517 2057 1548 Tor-

160 1579 288 1618 quatus,
314 1574 490 1616 Epicharis,
514 1572 678 1603 Musonius
703 1572 814 1610 Rufus,
840 1571 987 1613 Poppaea
1013 1571 1131 1603 Sabina
1155 1572 1270 1602 mortni
1294 1570 1383 1612 sint).

316 1627 360 1659 Ut
385 1627 446 1658 alia
470 1626 627 1663 omittam,
654 1625 728 1656 haec
752 1623 877 1666 quidem
903 1625 1132 1656 commonenda
1157 1635 1223 1655 esse
1246 1625 1365 1665 putavi.
1414 1623 1508 1655 Dioni
1533 1624 1639 1665 igitur,
1663 1634 1732 1655 cum
1749 1625 1800 1662 62,
1828 1624 1908 1655 1·--7
1928 1626 1959 1655 et
1975 1623 2058 1655 Bou-

158 1683 276 1713 diccam
302 1684 333 1712 et
352 1680 541 1711 Suetonium
562 1678 730 1709 Paulinum
755 1679 787 1709 in
814 1679 961 1708 contione
985 1677 1119 1708 militum
1147 1677 1242 1708 verba
1266 1677 1415 1708 facientes
1450 1677 1673 1714 introduceret,
1708 1679 1832 1718 praeter
1854 1677 1932 1708 alios
1956 1676 2060 1708 fontes

320 1786 342 1821 ¹)
363 1790 384 1813 A
407 1787 506 1813 Tacito
528 1794 591 1812 vero
612 1786 681 1811 haec
701 1785 868 1811 abhorrent:

321 1832 373 1858 Dio
394 1832 435 1861 60,
457 1831 509 1857 33;
532 1831 567 1856 cf.
588 1838 651 1856 ann.
672 1830 713 1856 12.
733 1830 767 1856 56
788 1832 816 1854 et
836 1829 910 1854 Suet.
931 1829 1027 1855 Claud.
1047 1829 1079 1855 21
1100 1829 1148 1856 (de
1169 1829 1262 1854 navali
1282 1829 1387 1862 proelio
1407 1837 1423 1854 a.
1442 1829 1559 1855 Claudio
1578 1829 1606 1855 in
1625 1836 1734 1854 scenam
1754 1827 1891 1860 inducto).

321 1876 373 1902 Dio
393 1877 435 1902 60.
455 1877 505 1902 34:
530 1876 563 1901 cf.
585 1884 646 1901 ann.
667 1875 707 1901 12.
728 1875 761 1899 66
781 1874 825 1905 (de
845 1873 953 1899 Claudii
974 1874 1078 1906 caede).

319 1921 371 1947 Dio
391 1920 434 1946 61.
455 1919 489 1946 9;
513 1920 548 1946 cf.
568 1928 632 1945 ann.
654 1920 694 1945 13.
714 1918 748 1944 25
768 1918 816 1947 (de
836 1918 912 1943 ι111110
933 1918 981 1943 illo
1003 1918 1144 1944 Montano.
1164 1918 1212 1951 qni
1232 1918 1369 1944 Neronem
1390 1917 1508 1944 offendit
1527 1920 1554 1944 et
1573 1918 1608 1944 ad
1628 1919 1743 1944 mortem
1764 1917 1880 1943 adactus
1899 1917 1956 1948 est).

320 1965 372 1991 Dio
392 1966 434 1990 61.
457 1965 502 1994 11;
527 1964 560 1990 cf.
582 1972 645 1989 ann.
668 1962 707 1988 13.
727 1964 760 1988 45
781 1972 822 1996 sq.
842 1962 890 1994 (de
910 1962 1027 1988 Othone.
1048 1962 1166 1988 Neronis
1186 1961 1293 1994 amico).
1331 1962 1423 1988 Etiam
1443 1962 1617 1996 Agrippinae
1635 1962 1732 1988 caedes
1751 1962 1803 1988 Dio
1822 1960 1865 1994 61,
1885 1961 1988 1988 12-14
2006 1970 2060 1988 11011

162 2010 248 2043 plane
268 2018 330 2035 cum
351 2009 449 2035 Tacito
468 2008 622 2039 consentit,
641 2007 812 2033 conveniunt
831 2006 904 2032 enim
926 2006 976 2032 Dio
997 2015 1019 2032 c.
1041 2007 1073 2032 12
1094 2015 1156 2032 011111
1178 2015 1247 2032 ann.
1269 2007 1309 2037 14,
1329 2007 1346 2031 3
1365 2008 1393 2032 et
1411 2007 1444 2033 4:
1464 2006 1516 2033 Dio
1536 2015 1557 2032 c.
1578 2006 1609 2032 13
1629 2015 1689 2032 cum
1711 2015 1774 2032 ann.
1795 2005 1837 2032 14.
1855 2007 1888 2036 4;
1913 2007 1943 2037 3;
1970 2005 2003 2037 5;
2028 2005 2062 2037 8,

163 2056 276 2087 pugnat
296 2055 389 2079 autem
411 2053 462 2079 Dio
484 2061 505 2078 0.
526 2053 559 2078 12
580 2051 595 2083 S
618 2052 630 2077 1
652 2060 713 2077 cum
734 2060 798 2077 ann.
820 2051 859 2078 14.
879 2049 895 2075 3
914 2052 942 2076 et
962 2050 1013 2076 Dio
1033 2059 1054 2078 c,
1075 2051 1108 2075 14
1126 2059 1189 2076 cum
1208 2059 1272 2076 ann.
1292 2051 1332 2082 14,
1351 2051 1445 2077 9—11.

319 2095 341 2131 2)
362 2098 383 2123 E
403 2097 468 2123 libri
490 2097 562 2122 XVI.
584 2097 664 2129 parte
683 2095 830 2129 deperdita.
849 2095 917 2120 haec
937 2094 1045 2120 fluxisse
1064 2095 1210 2121 videntur:

325 2141 376 2167 Dio
397 2142 438 2168 63,
461 2141 549 2169 1-7;
572 2140 606 2166 cf.
628 2140 678 2166 Dio
700 2140 741 2165 62.
761 2138 796 2165 20
815 2148 854 2172 sq.
874 2141 903 2164 et
922 2138 997 2164 Suet.
1017 2138 1081 2164 Ner.
1104 2139 1135 2163 13
1155 2140 1310 2171 (quomodo
1330 2139 1468 2165 Tiridates
1487 2140 1590 2165 Romae
1610 2147 1626 2164 a
1645 2139 1754 2165 Nerone
1774 2141 1905 2172 exceptus
1923 2138 1980 2172 sit).

321 2186 372 2211 Dio
393 2186 435 2217 63,
456 2186 487 2211 17
508 2195 546 2207 z
568 2184 706 2210 Ammian.
727 2183 768 2210 15.
787 2184 810 2215 2,
829 2183 860 2214 5;
879 2183 914 2208 cf.
934 2183 985 2208 Dio
1005 2182 1046 2209 62,
1066 2182 1099 2208 20
1117 2192 1156 2215 sq.
1177 2184 1220 2215 (de
1240 2183 1403 2210 Corbulonis
1422 2183 1554 2216 excessu).

323 2230 374 2255 Dio
395 2230 438 2261 63,
474 2230 507 2255 27
528 2238 565 2251 Ξ
590 2229 682 2254 Aurel.
712 2228 785 2254 Vict.
811 2227 884 2267 Epit.
903 2228 928 2255 5.
957 2228 972 2252 7
1015 2228 1025 2285 a

318 2274 370 2299 Dio
391 2274 433 2305 (523,
467 2274 559 2299 221:
582 2273 674 2299 Aurel.
704 2272 778 2298 Vict.
807 2271 881 2304 Epit.
901 2271 925 2301 5,
953 2272 969 2297 7
1019 2288 1024 2293 ι

321 2318 373 2343 Dio
392 2318 434 2349 63,
471 2318 504 2344 29
525 2327 563 2340 =
585 2318 677 2343 Aurei.
700 2316 780 2348 ,vien
806 2316 879 2342 Caes.
900 2315 924 2340 5.
955 2315 985 2341 17
1016 2295 1025 2347 5

320 2359 343 2393 3)
365 2361 446 2395 Apud
468 2361 587 2388 Dionem
607 2362 714 2387 exstat:
749 2356 812 2384 »vir
846 2358 908 2394 γοῖτ
927 2358 1053 2385 Uimi-rol·
1073 2356 1237 2392 dammum,
1266 2363 1353 2385 ἔπειτα
1378 2357 1426 2394 τήν
1445 2356 1556 2393 νῑφαλήν
1580 2355 1664 2384 mirra?-
1689 2356 1918 2395 προόιπέχθεῖόάι·
1944 2359 1966 2384 οἱ
1996 2355 2064 2385 iffm'r·

158 2402 204 2431 or'z
228 2402 324 2442 {kim-,02
349 2409 403 2440 gapt),
426 2402 483 2430 >dm
504 2402 616 2441 μεγιὶηι
642 2403 702 2438 :jhu
724 2400 827 2439 ''¹¹2⁸'ss
861 2404 936 2438 apud
956 2404 1102 2430 Tacitum:
1137 2408 1237 2438 >caput
1256 2405 1397 2431 interfecti
1416 2405 1550 2435 relatum3
1584 2404 1661 2433 cuins
1687 2407 1800 2438 aspectu
1828 2404 1903 2438 (ipsa
1930 2403 2064 2438 principis

160 2451 245 2477 verba
274 2451 406 2488 referam)
429 2458 516 2482 »cui-,0¹
550 2449 644 2482 inquit
664 2449 757 2475 Nero.
773 2469 778 2474 .
794 2459 863 2480 ...,«
894 2450 953 2474 tum
982 2457 1070 2482 parva
1091 2449 1191 2474 lacuna
1210 2449 1344 2481 seqnitur.
1369 2457 1452 2482 quam
1480 2457 1513 2474 ex
1533 2448 1629 2475 Dionis
1648 2448 1739 2474 verbis
1765 2448 1804 2474 sic
1823 2448 1988 2481 explendam
2008 2456 2064 2474 esse

160 2501 277 2521 censeo:
303 2503 390 2520 »curat
412 2494 505 2527 inquit
526 2494 608 2525 Nero,
631 2502 778 2527 »magnum
801 2501 897 2519 nasum
917 2492 1017 2519 habuit
1036 2493 1064 2518 ’ζΜ
1089 2507 1121 2510 -
1141 2491 1166 2525 4)
1186 2493 1226 2519 Cf.
1247 2493 1317 2526 Egli,
1337 2493 1354 2519 1.
1374 2493 1391 2518 l.
1411 2507 1443 2511 —
1462 2491 1487 2525 ⁵)
1506 2492 1606 2519 Omnia
1624 2492 1745 2525 nomina,
1765 2500 1836 2525 quae
1854 2492 1930 2526 apud
1949 2491 2063 2518 Dionem

160 2539 203 2566 62.
224 2539 328 2565 25-27
349 2540 468 2565 exstant.
489 2540 601 2573 praeter
620 2538 670 2564 illa
690 2538 818 2563 Senecae.
838 2538 984 2565 Thraseae,
1004 2538 1150 2571 Poppaeae
1170 2536 1289 2562 Sabinae
1308 2537 1382 2571 apud
1402 2536 1563 2567 Suetonium
1584 2536 1783 2563 desiderantur.

1045 2271 1089 2297 (de
1110 2272 1227 2298 Neronis
1246 2271 1354 2304 morte.)
