2234 2902
1043 230 1084 260 29

104 339 174 369 nitz
212 337 344 368 »Fertur
369 336 460 368 Titus
484 335 628 367 adhibito
652 335 784 366 consilio
809 336 894 377 prius
918 334 1117 371 deliberasse,
1152 344 1193 365 an
1229 334 1382 375 templum
1428 336 1511 366 tanti
1545 337 1647 375 operis
1683 340 1846 370 everteret.
1895 338 2022 369 Etenim

114 390 276 422 nonnullis
301 389 474 425 videbatur,
500 389 607 420 aedem
636 391 788 420 sacratam
814 388 896 419 ultra
920 388 1026 418 omnia
1051 388 1198 418 mortalia
1222 388 1377 418 illustrem
1403 398 1465 418 uon
1494 388 1607 419 debere
1624 389 1729 426 deleri,
1755 400 1834 431 quae
1859 394 2023 422 servata

106 443 335 475 modestiae
361 441 566 473 Romanae
591 441 883 478 testimonium,
919 441 1023 471 diruta
1058 451 1227 481 perennem
1252 440 1448 471 crudelitatis
1479 444 1587 471 notam
1612 442 1785 482 praeberet.
1833 444 1878 474 At
1912 447 2022 475 contra

108 496 163 527 alii
188 498 220 527 et
243 495 335 526 Titus
359 495 427 536 ipse
453 495 663 525 evertendum
687 494 841 535 templum
866 494 1021 534 imprimis
1045 493 1225 530 censebant,
1266 504 1327 534 quo
1353 493 1475 534 plenius
1499 493 1689 525 Judaeorum
1715 498 1746 526 et
1770 494 2021 528 Christianorum

109 548 220 589 religio
242 547 439 579 tolleretur.«
488 547 536 578 Ex
561 559 596 578 eo
621 548 718 588 igitur
741 546 852 584 elucet,
887 550 1056 587 utrumque
1091 547 1276 587 scriptorem
1313 546 1560 578 ecclesiasticum
1585 557 1622 578 ex
1647 558 1709 578 uno
1733 549 1904 591 eodemque
1928 550 2016 582 fonte

107 601 260 638 hausisse,
285 603 380 642 atque
404 601 475 642 quis
499 601 594 631 tuerit
618 600 668 631 hic
692 600 772 637 fons,
797 598 926 630 Orosius
950 599 982 639 (ἓ
1008 599 1043 638 7)
1068 599 1116 630 his
1142 600 1244 630 verbis
1269 602 1423 630 testatur:
1452 599 1628 631 »sexcenta
1652 601 1739 632 milia
1762 600 1954 635 Judaeorum
1979 615 2015 636 eo

106 654 189 686 bello
212 655 380 687 interfecta
405 653 570 685 Cornelius
595 657 626 684 et
657 652 828 684 Suetonius
853 652 1004 684 referunt.
1051 652 1209 694 Josephus
1234 662 1307 684 vero
1332 653 1483 690 JudaeuS,
1523 655 1576 694 qui
1601 654 1629 684 ei
1654 657 1729 685 tunc
1764 655 1847 687 bello
1882 657 2021 697 praefuit

111 711 143 740 et
166 709 249 750 apud
274 708 509 749 Vespasianum
534 709 664 747 propter
686 705 882 746 praedictum
919 706 1086 747 imperium
1122 707 1247 737 veniam
1282 707 1483 748 gratiamque
1518 711 1684 743 meruerat=
1720 708 1836 742 scribit,
1872 710 2018 742 undecies

104 764 239 794 centena
263 761 352 792 milia
375 759 481 802 gladio
506 764 537 791 et
561 759 645 790 fame
669 759 823 800 periisse:
848 758 998 800 reliquias
1023 770 1096 790 vero
1112 758 1304 790 Judaeorum
1329 758 1461 790 diversis
1485 763 1572 791 actas
1595 760 1832 793 condicionibus
1856 765 1924 794 toto
1941 764 2016 795 orbe

109 816 288 857 dispersas:
313 825 446 856 quarum
471 824 619 844 numerus
643 812 684 843 ad
708 813 886 854 nonaginta
909 812 996 843 milia
1020 812 1117 843 fuisse
1142 815 1317 844 narratum«
1367 812 1445 844 Cum
1472 816 1579 844 autem
1598 812 1767 845 Suetonius
1791 825 1828 846 eo
1853 816 1931 854 loco,
1957 828 2018 858 quo

117 868 410 909 Hierosolymorum
436 867 600 897 interitum
626 866 733 907 paucis
758 866 896 897 absolvit
922 865 1000 905 (Tit.
1025 876 1050 899 c.
1075 867 1119 906 ὃ),
1145 877 1247 907 neque
1264 865 1329 897 Titi
1355 866 1523 898 consilium
1547 878 1649 908 neque
1666 867 1703 898 de
1720 870 1876 900 sexcentis
1893 869 2022 902 Judaeis

106 921 283 953 interfectis
307 920 479 962 quidquam
507 922 734 950 commemoret
758 921 853 960 atque
877 918 1019 960 Josephi,
1044 919 1110 950 Titi
1135 918 1279 955 fautoris,
1316 921 1501 950 testimonio
1525 919 1656 951 Orosius
1692 921 1759 952 sine
1793 922 1888 953 dubio
1924 922 2017 955 fidem

109 974 324 1016 abrogandam
349 984 416 1004 esse
440 974 578 1010 censeat,
613 974 717 1003 restat
741 972 826 1003 solus
851 971 1015 1004 Cornelius
1040 971 1169 1003 Tacitus
1206 975 1316 1004 auctor
1350 972 1460 1003 harum
1491 983 1604 1010 rerum,
1641 985 1718 1014 quas
1751 977 1782 1005 et
1807 974 1964 1016 Sulpicius
1989 980 2020 1008 et

111 1026 240 1059 Orosius
264 1038 302 1058 ex
326 1027 392 1058 eius
417 1026 626 1057 historiarum
651 1025 731 1056 libro
757 1028 845 1057 sexto
870 1026 1042 1056 memoriae
1066 1026 1283 1066 prodiderunt.
1332 1026 1469 1067 Egregia
1501 1029 1605 1058 autem
1630 1026 1685 1058 illa
1710 1027 1874 1070 Bernaysii
1899 1031 2023 1061 coniec-

106 1084 178 1112 tura
204 1080 301 1112 etiam
326 1089 363 1111 eo
389 1078 628 1121 comprobatur,
654 1078 739 1120 quod
756 1077 913 1121 Sulpicius
934 1078 1050 1110 chron.
1076 1079 1105 1116 2,
1131 1079 1182 1117 29,
1209 1078 1262 1121 4¹)
1286 1079 1334 1110 his
1360 1079 1462 1111 verbis
1487 1079 1624 1121 aliquam
1650 1081 1898 1113 recordationem
1917 1082 2020 1114 Taciti

106 1133 182 1167 hist.
205 1134 236 1172 5,
263 1134 302 1165 10
325 1133 459 1174 prodere
483 1131 624 1164 videtur:
653 1132 832 1163 »Adversus
856 1141 909 1163 eos
934 1133 1014 1173 (scil.
1037 1132 1191 1171 Judaeos)
1217 1132 1431 1174 Vespasianus
1456 1133 1671 1174 proconsulari
1694 1135 1826 1175 imperio
1851 1147 1868 1166 a
1893 1135 2018 1167 Nerone

105 1186 220 1219 missus
254 1187 363 1218 multis
393 1185 606 1227 gravibusque
638 1185 765 1227 proeliis
789 1186 928 1217 devictos
960 1186 1064 1226 coegit
1095 1189 1179 1217 intra
1211 1197 1317 1217 muros
1342 1186 1633 1227 Hierosolymorum
1659 1187 1858 1228 confugere«
1908 1188 2019 1230 ltaque

108 1251 173 1272 non
196 1240 318 1277 dubito,
355 1240 431 1281 quin
457 1239 618 1281 Sulpicius
644 1250 707 1270 non
734 1239 827 1270 modo
853 1239 982 1270 ultimos
1007 1239 1180 1274 annalium,
1217 1241 1270 1271 sed
1294 1239 1391 1271 etiam
1416 1241 1534 1281 primos
1559 1240 1761 1271 historiarum
1791 1241 1888 1272 libros
1924 1243 2021 1274 lectos

103 1294 314 1335 cognitosque
337 1292 496 1325 habuerit.

263 1345 478 1387 Orosius2)
503 1348 618 1383 autem,
652 1345 706 1387 qui
730 1357 794 1377 non
826 1357 895 1377 raro
920 1346 1066 1377 Tacitum
1098 1349 1211 1377 testem
1235 1347 1367 1377 advocat
1385 1348 1427 1384 (1,
1453 1348 1482 1383 ξ),
1509 1351 1542 1383 1;
1569 1348 1597 1383 1,
1625 1348 1673 1381 10,
1701 1349 1735 1381 3,·
1762 1348 1790 1384 7,
1815 1349 1844 1383 3,
1871 1348 1907 1384 7,
1933 1349 1962 1382 7,
1988 1349 2017 1386 9,

105 1399 147 1437 7;
174 1401 203 1438 7,
231 1401 279 1437 10,
305 1401 347 1435 4;
372 1401 402 1437 7,
431 1400 482 1436 19,
506 1400 548 1437 4;
573 1400 603 1437 7,
629 1399 680 1435 34,
705 1399 739 1437 5)
764 1399 967 1431 historiarum
993 1399 1089 1430 libros
1114 1403 1273 1441 quartum,
1307 1401 1463 1441 quintum,
1497 1404 1630 1436 sextum,
1656 1401 1743 1437 alios,
1769 1401 1822 1442 qui
1846 1403 2021 1442 sequeban-

110 1457 173 1490 tur,
196 1454 236 1485 ad
260 1464 309 1485 res
335 1453 508 1484 narrandas
533 1453 592 1484 sibi
618 1454 790 1495 usurpavit.
839 1453 978 1484 Primum
1003 1454 1086 1484 enim
1111 1464 1147 1484 ex
1172 1454 1276 1494 quinti
1301 1452 1371 1484 libri
1400 1456 1490 1493 parte
1525 1454 1627 1484 adhuc
1661 1458 1786 1485 servata
1821 1454 1898 1485 duos
1935 1455 2019 1486 locos

106 1508 152 1548 (5,
176 1509 196 1539 3
213 1509 245 1538 et
261 1507 290 1541 5,
315 1507 347 1545 7)
374 1507 495 1544 attulit,
519 1516 590 1537 cum
618 1507 645 1544 1,
673 1506 723 1543 10,
748 1506 767 1537 3
792 1517 850 1548 sq„
874 1505 994 1537 Justini
1018 1506 1086 1537 loco
1111 1507 1177 1546 (36,
1203 1507 1234 1545 2)
1260 1507 1347 1548 prius
1371 1506 1509 1543 laudato,
1533 1507 1570 1537 ad
1589 1507 1661 1538 hist.
1687 1508 1716 1543 5,
1744 1509 1762 1537 3
1779 1511 1926 1548 spectans
1943 1508 2018 1539 haec

108 1561 276 1592 scriberet:
302 1560 368 1592 »At
393 1570 469 1592 vero
493 1559 656 1591 Cornelius
680 1561 718 1591 de
741 1560 851 1591 eadem
875 1571 907 1590 re
932 1561 977 1591 sic
1000 1561 1062 1591 ait:
1091 1559 1241 1590 »Plurimi
1265 1563 1408 1591 auctores
1433 1561 1646 1598 consentiunt,
1671 1565 1740 1591 orta
1764 1572 1820 1601 per
1837 1562 2018 1602 Aegyptum

112 1613 197 1652 tabe,
222 1623 303 1655 quae
328 1623 461 1655 corpora
485 1613 638 1649 foedaret,
661 1623 769 1654 regem
794 1613 993 1651 Bocchorim,
1017 1613 1104 1645 adito
1129 1613 1318 1645 Hammonis
1342 1613 1478 1650 oraculo,
1503 1613 1675 1644 remedium
1699 1617 1861 1655 petentem
1886 1624 2020 1655 purgare

112 1677 246 1708 regnum
270 1671 302 1698 et
325 1667 355 1698 id
381 1677 481 1708 genus
505 1666 669 1698 hominum
694 1670 729 1698 ut
752 1667 890 1698 invisum
913 1667 979 1699 deis
1003 1668 1080 1698 alias
1105 1669 1135 1698 iu
1162 1672 1261 1699 terras
1286 1667 1417 1698 avehere
1441 1668 1570 1698 iussum.
1597 1666 1647 1698 Sic
1671 1667 1885 1708 conquisitum
1909 1668 2020 1698 collec-

110 1723 245 1762 tumque
268 1720 393 1761 vulgus,
419 1723 587 1761 postquam
614 1721 711 1751 vastis
735 1719 811 1751 locis
836 1720 980 1752 relictum
1015 1722 1067 1758 sit,
1102 1722 1213 1752 ceteris
1248 1732 1304 1762 per
1339 1721 1483 1751 lacrimas
1518 1720 1720 1762 torpentibus
1745 1720 1887 1761 Moysen,
1925 1731 2022 1752 unum

104 1774 245 1812 exulum,
281 1774 453 1809 monuisse,
478 1784 517 1804 ne
542 1783 636 1815 quam
660 1772 790 1805 deorum
826 1774 1031 1805 hominumve
1066 1784 1158 1815 opem
1195 1776 1426 1816 exspectarent,
1439 1772 1465 1814 3)
1501 1775 1554 1805 sed
1590 1773 1718 1805 sibimet
1752 1775 1823 1805 duci
1856 1774 2020 1816 caelesti4)

120 1827 292 1864 crederent,
317 1829 422 1868 primo
447 1828 535 1858 cuius
558 1827 676 1858 auxilio
700 1832 883 1868 praesentes
906 1829 1049 1859 miserias
1085 1828 1311 1869 pepulissent.‹<
1362 1827 1475 1868 Itaque
1510 1826 1673 1858 Cornelius
1707 1827 1791 1864 dicit,
1829 1828 1910 1869 quod
1945 1829 2023 1869 ipsis

122 1880 291 1922 Aegyptiis
315 1880 503 1922 cogentibus
527 1879 642 1912 Judaei
665 1882 696 1911 in
721 1881 844 1912 deserta
866 1882 1010 1923 propulsi
1033 1880 1110 1919 sint,
1145 1884 1176 1912 et
1211 1884 1323 1923 postea
1346 1881 1512 1922 subiungit
1546 1881 1681 1918 incaute,
1719 1882 1793 1922 quia
1827 1892 1886 1923 ope
1921 1881 2024 1922 Moysi

108 1935 199 1966 ducis
222 1934 255 1966 in
281 1934 431 1976 Aegypto
456 1935 598 1965 miserias
629 1935 836 1976 pepulissent.
882 1934 986 1971 Quare
1018 1935 1197 1966 ostenditur
1227 1935 1392 1976 quaedam,
1427 1944 1508 1975 quae
1542 1945 1598 1975 per
1621 1933 1753 1975 Moysen
1790 1938 1916 1966 strenue
1951 1939 2022 1966 acta

126 1991 209 2023 sunt,
233 1988 330 2019 tuisse
355 1988 484 2019 celata«
534 1989 642 2028 Atque
673 1999 710 2018 ex
742 1987 816 2020 hist.
841 1989 871 2024 5,
896 1989 912 2020 7
938 1988 1015 2020 haec
1039 1989 1164 2029 quidem
1191 1989 1286 2019 verba
1310 1986 1439 2018 Orosius
1464 1988 1507 2028 (1,
1532 1989 1562 2026 5,
1590 1992 1605 2019 1
1631 1989 1691 2028 sq.)
1718 1988 1865 2029 sumpsit:
1907 1989 2022 2019 »Anno

106 2043 183 2073 ante
205 2042 316 2073 urbem
341 2040 501 2073 conditam
528 2040 657 2073 MCLX,
695 2042 850 2073 confinem
875 2042 1011 2074 Arabiae
1046 2043 1219 2083 regionem,
1256 2051 1337 2082 quae
1371 2044 1448 2072 tunc
1472 2040 1657 2082 Pentapolis
1692 2042 1874 2076 vocabatur.
1909 2042 2023 2073 arsisse

105 2095 234 2136 penitus
258 2096 332 2137 igne
355 2095 483 2126 caelesti
507 2094 591 2126 inter
614 2093 694 2126 alios
719 2096 815 2126 etiam
841 2094 1006 2126 Cornelius
1031 2095 1160 2127 Tacitus
1184 2096 1290 2131 relert,
1315 2096 1368 2136 qui
1393 2095 1436 2125 sic
1461 2096 1523 2126 ait:
1550 2094 1662 2125 »Haud
1688 2095 1796 2136 procul
1820 2095 1893 2126 inde
1909 2096 2022 2137 campi,

111 2158 190 2189 quos
214 2147 321 2179 terunt
345 2148 420 2179 olim
444 2148 555 2179 uberes
582 2149 773 2189 magnisque
796 2147 926 2180 urbibus
949 2149 1121 2187 habitatos,
1146 2149 1314 2180 fulminum
1340 2150 1422 2181 iactu
1448 2149 1579 2185 a1·sisse;
1618 2147 1704 2185 sed5)
1730 2159 1856 2179 manere
1880 2150 2024 2190 vestigia,

109 2205 288 2242 terramque
311 2202 423 2243 ipsam,
449 2203 553 2243 specie
576 2200 753 2241 solidam,⁶)
778 2202 841 2233 vim
866 2202 1050 2243 frugiferam
1075 2202 1279 2244 perdidisse«.
1327 2201 1367 2232 Et
1392 2211 1462 2232 cum
1499 2201 1557 2232 hoc
1592 2202 1660 2232 loco
1695 2201 1773 2232 nihil
1814 2201 1852 2232 de
1885 2203 2023 2233 incensis

267 2307 288 2341 ¹)
308 2309 408 2336 Confer
428 2310 514 2336 etiam
535 2310 610 2337 Oros.
630 2311 654 2336 7.
675 2310 699 2336 9.
721 2311 745 2336 3.
767 2324 799 2328 -
819 2307 840 2341 2)
860 2310 900 2336 Cf.
920 2309 1245 2344 Zangemeisteri
1277 2309 1431 2335 editionem
1453 2308 1556 2335 Orosii:
1590 2309 1615 2334 M
1628 2312 1692 2334 ὅτι]
1705 2318 1757 2334 er.
1797 2308 1835 2334 De
1856 2308 1943 2335 Orosii
1965 2308 2022 2334 vita

125 2353 240 2386 eiusque
268 2353 448 2380 historiarum
471 2354 551 2381 libris
572 2354 633 2380 Vll.
654 2355 743 2380 Berol.
764 2354 840 2386 1844,
859 2364 886 2389 p.
908 2354 967 2381 155.
987 2368 1019 2374 -—
1040 2353 1062 2387 3)
1084 2355 1150 2381 Post
1172 2356 1396 2388 mxspectarent«
1419 2353 1533 2379 Tacitus
1553 2353 1646 2379 addit:
1680 2353 1820 2385 xutrisque
1845 2353 1971 2379 desertis
1994 2368 2025 2370 —

114 2396 139 2431 ⁴)
170 2399 262 2425 Taciti
282 2399 368 2425 codex
389 2399 522 2432 praebet:
561 2401 610 2425 »et
639 2399 750 2425 sibinet
773 2400 862 2425 duce
891 2400 1004 2426 caelesti
1026 2400 1200 2430 crederentss
1235 2407 1267 2425 ex
1287 2398 1383 2425 Orosio
1403 2398 1578 2424 scribendum
1601 2406 1656 2423 esse
1682 2406 1797 2423 censeo:
1831 2397 1893 2424 »sed
1913 2398 2023 2424 sibimet

113 2442 178 2469 duci
197 2443 311 2470 caelesti
332 2442 502 2470 crederent.«
548 2443 656 2477 Moyses
677 2444 749 2470 enim
771 2444 845 2477 apud
866 2444 994 2470 Tacitum
1015 2446 1101 2477 atque
1121 2452 1154 2470 ex
1173 2443 1266 2470 Taciti
1285 2443 1427 2470 sententia
1444 2443 1564 2469 Judaeos
1584 2442 1732 2468 admonere
1752 2442 1821 2468 mihi
1848 2443 1966 2469 videtur.
1992 2451 2026 2468 ue

107 2486 240 2520 cuiquam
260 2487 376 2515 deorum
396 2488 578 2515 hominumve
597 2488 652 2514 sibi
672 2488 796 2515 credant.
826 2488 958 2521 quoniam
987 2489 1023 2515 ab
1055 2488 1180 2521 utrisque
1200 2488 1302 2514 deserti
1324 2488 1387 2514 sint.
1408 2487 1454 2514 sed
1476 2490 1505 2513 ut
1526 2488 1550 2514 ei
1571 2488 1635 2515 duci
1654 2486 1768 2513 caelesti
1788 2487 1830 2520 (id
1858 2489 1898 2513 est
1919 2487 2020 2519 Moysi)

107 2531 164 2558 sibi
184 2532 309 2564 credant,
328 2532 418 2567 primo
447 2533 525 2559 cuius
544 2533 650 2559 auxilio
671 2534 830 2566 praesentes
850 2533 973 2559 miserias
992 2533 1162 2567 pepulerint.
1183 2547 1212 2550 ——
1233 2531 1255 2563 ⁵)
1274 2532 1403 2558 Tacitus:
1426 2537 1493 2560 ›et‹v
1514 2546 1544 2551 -—
1567 2531 1586 2563 ⁶)
1606 2532 1734 2558 Tacitus:
1764 2531 1941 2558 »torridam«.
