2234 2902
1071 247 1114 278 425

139 352 236 393 guine
261 351 410 383 maculari
434 352 591 394 piaculum
617 355 709 391 esset,
741 363 811 383 cum
842 353 917 384 solis
948 353 1092 392 precibus
1124 354 1260 393 igneque
1294 364 1371 394 puro
1404 354 1458 385 illa
1488 355 1660 387 adolerent.
1707 356 1942 389 Simulachrum
1973 369 2047 389 vero

136 405 213 436 deae
236 405 356 436 nullam
381 405 552 437 humanam
576 404 693 436 habere
716 405 792 436 dicit
817 405 965 447 effigiem,
999 406 1075 446 quin
1108 406 1205 437 immo
1238 416 1305 437 esse
1331 406 1447 437 ibidem
1473 409 1659 439 continuum
1685 410 1790 440 orbem
1816 410 1929 442 latiore
1953 411 2046 442 initio

138 462 169 490 et
191 462 319 490 tenuem
343 459 375 490 in
400 459 524 490 ambitu
548 459 586 490 ad
609 460 711 490 instar
734 463 837 490 metae
860 463 1065 500 exurgentem
1091 462 1124 489 et
1148 469 1244 500 quare
1269 459 1329 490 hoc
1354 460 1471 492 nullam
1497 461 1607 492 haberi
1633 462 1817 493 rationem«
1833 462 1859 503 Γ)
1901 463 2046 505 Denique

139 511 322 543 Boccatium
346 514 378 543 in
403 512 484 543 libro
507 512 544 543 de
569 511 660 543 claris
684 510 867 543 mulieribus
892 512 1006 543 ultima
1030 512 1202 549 annalium,
1228 513 1330 552 prima
1354 513 1557 544 historiarum
1583 518 1672 555 parte
1694 525 1785 546 usum
1803 526 1880 553 esse,
1905 518 2046 557 priorum

137 568 243 596 autem
267 565 430 596 annalium
453 563 605 595 librorum
629 565 663 595 in
687 563 877 605 Agrippina,
902 564 1083 595 Germanici
1107 565 1250 605 coniuge,
1283 565 1493 597 describenda
1525 567 1644 598 nullam
1670 567 1771 599 Taciti
1801 569 1949 600 notitiam
1974 581 2048 611 pro-

133 618 209 649 dere
232 618 496 649 commonendum
520 620 578 650 est.
625 616 694 648 Hac
717 617 755 648 de
779 628 872 648 causa
895 618 1034 649 codicem
1065 619 1131 648 eius
1166 618 1245 649 nihil
1283 619 1378 655 aliud,
1417 620 1476 651 nisi
1514 621 1610 651 codex
1636 621 1698 658 ‚ille
1723 621 1880 653 Mediceus
1905 622 1957 661 II„
1994 625 2048 665 qui

138 671 240 702 adhuc
263 674 377 708 exstat,
401 670 676 711 comprehendisse
701 671 838 701 maxime
861 671 1024 711 probabile
1047 675 1106 703 est.

296 724 431 765 Reliqua
454 727 561 755 autem
585 723 739 754 librorum
764 723 968 755 Taciteorum
1005 724 1071 755 fata
1107 736 1187 765 quae
1222 726 1455 756 renascentium
1491 726 1654 758 literarum
1691 729 1885 769 temporibus
1922 729 2047 764 fuerint,

136 779 220 810 inter
243 789 353 809 omnes
377 777 461 808 viros
484 777 593 808 doctos
630 777 707 808 satis
732 780 869 810 constat,
916 777 993 808 Post
1017 777 1201 808 Boccatium
1237 778 1337 819 igitur
1373 779 1455 809 inter
1491 789 1591 810 annos
1618 779 1701 811 1425
1739 784 1770 811 et
1798 782 1878 812 1425
1905 781 2047 823 Poggius

136 832 274 863 codicem
299 830 488 862 Fuldensem
513 829 675 861 annalium
701 829 801 861 libros
824 830 953 863 L—VI.
978 832 1195 862 continentem
1225 843 1243 862 a
1268 831 1423 863 monacho
1449 832 1584 873 quodam
1610 833 1825 865 Hersfeldensi
1850 835 1968 866 frustra
1991 847 2045 877 pe-

132 885 218 923 tivit,
242 884 349 926 paullo
374 888 447 925 post
471 886 576 914 autem
600 894 685 915 anno
704 884 788 916 1513
806 883 870 915 Leo
887 884 926 917 X.
950 896 1034 926 papa
1058 883 1108 915 vel
1132 884 1265 915 eundem
1292 885 1340 915 vel
1365 885 1462 916 alium
1489 896 1525 916 ex
1550 897 1586 917 eo
1611 888 1801 927 exscriptum
1820 887 2044 920 Corbeiensem

134 938 274 969 codicem
298 937 383 968 furto
407 937 549 968 ablatum
573 936 708 968 Romam
733 937 988 969 transferendum
1013 939 1136 969 curavit
1160 943 1191 969 et
1215 937 1392 969 Mediceum
1418 938 1441 970 Ι.
1468 938 1665 980 appellatum
1690 939 1723 971 in
1748 941 1939 973 bibliotheca
1963 942 2047 973 Lau-

135 992 283 1022 rentiana
307 990 483 1028 collocavit,
508 991 558 1022 cui
582 991 677 1022 etiam
701 991 839 1022 codicem
865 990 1051 1023 monasterii
1075 990 1266 1027 Casinensis,
1292 993 1345 1033 qui
1370 992 1533 1023 annalium
1566 991 1663 1024 libros
1687 992 1876 1026 XL—le.
1901 995 2047 1026 historia·

135 1055 268 1086 rumque
291 1043 369 1075 I.—
386 1043 425 1077 V.
449 1043 680 1085 complectitur,
705 1043 880 1076 Mediceum
906 1045 947 1078 ΙΙ.
971 1046 1171 1076 nominatum
1205 1045 1359 1077 adiunxit.
1408 1046 1514 1086 Atque
1545 1045 1578 1076 hi
1609 1045 1736 1087 quidem
1762 1047 1881 1079 codices
1914 1048 2045 1080 Medicei

135 1098 350 1139 antiquissimi
374 1098 460 1139 prior
484 1098 609 1129 saeculo
633 1096 688 1130 IX.
714 1098 763 1129 vel
787 1097 837 1136 X„
862 1097 942 1129 alter
965 1098 1091 1129 saeculo
1116 1097 1172 1130 XI.
1197 1098 1305 1139 scripti
1331 1103 1415 1136 sunt,
1448 1099 1592 1130 brevium
1617 1104 1723 1131 autem
1748 1111 1878 1141 operum
1903 1105 2044 1133 recentes

134 1151 207 1182 inde
236 1162 254 1182 a
278 1151 402 1182 saeculo
426 1150 496 1182 XV.
522 1151 644 1182 exarati
667 1153 795 1182 exstant
826 1151 957 1184 codices.
1005 1150 1109 1182 Libris
1145 1152 1230 1182 enim
1255 1150 1444 1182 Germaniae
1475 1155 1508 1183 et
1540 1152 1658 1194 dialogi
1682 1164 1719 1184 ea
1743 1164 1810 1184 sors
1835 1154 1974 1192 obvenit,
2009 1158 2045 1185 ut

134 1214 207 1235 cum
231 1203 376 1236 Suetonii
400 1204 438 1235 de
463 1205 538 1235 viris
562 1204 740 1236 illustribus
762 1203 878 1236 libellis
901 1205 1062 1236 coniuncti
1086 1205 1125 1235 ab
1150 1205 1238 1236 Enoc
1262 1206 1432 1241 Asculano,
1464 1206 1518 1246 qui
1543 1210 1648 1237 aetate
1672 1205 1797 1238 Nicolai
1823 1206 1860 1239 V.
1884 1208 2044 1248 pontificis

134 1257 265 1289 maximi
289 1257 538 1300 (1447—1455)
561 1268 617 1299 per
641 1257 777 1289 Galliam
801 1257 1068 1299 Germaniamque
1091 1259 1206 1289 itinera
1230 1258 1316 1296 fecit,
1341 1260 1374 1290 111
1399 1258 1524 1290 Italiam
1556 1258 1703 1291 translati
1735 1265 1776 1297 et,
1800 1270 1871 1291 cum
1897 1261 2045 1292 Asculani

133 1310 230 1342 codex
254 1311 321 1352 ipse
344 1311 500 1351 periisset,
528 1314 772 1352 temporumque
796 1312 1027 1343 mutationibus
1051 1310 1222 1342 Germania
1246 1320 1266 1342 a
1289 1311 1416 1353 dialogo
1440 1312 1563 1343 divulsa
1587 1316 1680 1351 esset,
1706 1313 1935 1344 recentioribus
1959 1313 2045 1345 codi-

137 1364 224 1395 cibus
247 1364 341 1395 nobis
365 1374 506 1395 seorsum
530 1364 632 1395 relicti
654 1364 730 1397 sint.
777 1363 927 1396 Omnium
952 1368 1059 1396 autem
1085 1364 1189 1395 Taciti
1214 1364 1365 1395 librorum
1392 1366 1529 1406 pessime
1553 1366 1644 1396 nobis
1668 1366 1803 1397 traditus
1821 1371 1868 1397 est
1887 1366 2044 1408 Agricola,

134 1418 285 1458 quoniam
310 1427 374 1448 non
399 1417 492 1448 modo
516 1428 626 1449 omnes
649 1418 717 1449 eius
740 1418 862 1449 codices
885 1418 1071 1449 recentioris
1096 1421 1172 1449 sunt
1195 1418 1340 1459 originis,
1372 1418 1426 1449 sed
1450 1429 1490 1449 ne
1514 1418 1580 1450 fata
1604 1418 1731 1460 quidem
1756 1430 1864 1450 eorum
1888 1421 2044 1452 novimus.

295 1523 316 1557 ι)
336 1525 467 1551 Perverse
488 1533 552 1552 vero
572 1525 763 1559 Koertingius,
788 1525 863 1559 apud
882 1533 965 1558 quem
985 1525 1086 1552 mendo
1106 1524 1229 1558 quodam
1249 1525 1456 1559 typographico
1477 1524 1520 1558 »5,
1539 1525 1588 1552 65<<
1610 1535 1659 1560 pro
1682 1526 1722 1557 »4,
1741 1525 1789 1552 460<
1812 1526 1926 1560 legitur,
1952 1526 2044 1552 10011111

136 1568 278 1602 quendam
297 1569 392 1596 Italici
411 1569 550 1603 carminis,
579 1569 654 1603 quod
676 1571 826 1597 »Amorosa
845 1570 975 1597 Visione«
996 1569 1169 1601 inscribitur,
1197 1571 1222 1602 4,
1242 1568 1276 1594 43
1302 1569 1409 1603 laudat,
1430 1572 1461 1597 ut
1487 1570 1571 1597 facile
1596 1579 1754 1604 cognosca5‚
1772 1570 1795 1597 si
1816 1571 1900 1597 verba
1921 1570 2046 1598 Boccatii

134 1612 196 1647 ipsa
215 1613 342 1640 evolvas:

693 1658 763 1685 »Nel
783 1658 866 1685 verde
885 1660 968 1693 prato
987 1667 1004 1684 a
1023 1667 1087 1684 man
1108 1659 1202 1685 destra
1222 1658 1278 1684 vid*
1298 1658 1325 1685 10

694 1703 729 1729 Di
749 1704 848 1736 questa
867 1702 968 1735 donna,
988 1703 1017 1729 in
1037 1703 1086 1737 piu
1104 1703 1215 1730 notabil
1235 1703 1289 1729 sito

692 1747 840 1773 Aristotile
859 1749 918 1773 star
936 1755 987 1774 con
1008 1749 1069 1774 atto
1089 1747 1151 1781 pio:

690 1790 820 1818 Tacito
841 1791 1032 1826 riguardando
1052 1792 1081 1818 in
1102 1794 1129 1818 se
1149 1792 1230 1819 unito

693 1836 812 1863 Pensoso
831 1836 870 1862 mi
889 1844 993 1870 pareva
1000 1847 1006 1867 ;
1027 1845 1041 1863 e
1060 1837 1108 1871 poi
1127 1845 1259 1871 appresso

694 1881 816 1907 Isocrate
835 1881 918 1908 sedea
937 1881 1016 1914 quasi
1036 1881 1191 1908 smarrito.‹
