2234 2902
1108 255 1149 286 14

336 362 383 394 Ex
408 362 544 394 Othonis
568 373 665 404 regno
688 362 766 393 haec
789 362 956 393 adnotavi:

335 415 397 446 Dio
421 417 472 453 64,
497 416 526 453 9,
551 416 570 446 3
595 425 634 438 =
657 415 733 447 hist.
759 416 788 450 2.
813 415 833 446 8
859 415 909 454 (de
933 414 1012 445 falso
1036 413 1173 451 Nerone,
1198 424 1291 454 quem
1316 412 1485 445 Suetonius
1508 413 1602 454 plane
1625 414 1799 455 praeterit).

336 468 398 499 Dio
420 468 471 504 64,
498 468 545 504 10,
570 469 588 498 3
613 477 652 491 =
676 467 750 500 hist.
776 468 805 505 2,
831 468 872 499 50
899 467 950 508 (de
975 476 1090 506 magna
1112 466 1167 497 illa
1189 476 1255 503 ave,
1279 477 1359 507 quae
1375 468 1517 507 tempore
1543 465 1758 497 Bedriacensis
1782 465 1893 508 proelii
1917 467 1983 497 visa
2000 467 2073 508 est).

335 519 396 552 Dio
421 521 472 558 64,
499 521 548 558 13,
574 522 588 552 1
616 523 648 552 et
671 521 690 551 3
713 530 752 543 =
777 521 852 553 hist.
878 522 906 557 2,
932 519 972 551 47
998 522 1048 558 (ex
1073 518 1209 550 Othonis
1233 519 1448 558 oratione).

334 573 397 604 Dio
422 574 473 611 64,
499 574 557 610 12;
583 575 639 610 143
665 573 704 605 15
728 582 767 596 =
792 573 867 606 hist.
893 573 920 610 2,
945 573 987 603 49
1012 573 1220 613 (quantopere
1244 572 1362 603 milites
1386 571 1545 603 Othonem
1568 571 1760 614 dilexerint).

338 626 398 657 Dio
423 627 475 664 64,
503 628 551 663 15,
575 627 594 657 2
619 636 658 649 =
683 626 757 659 hist.
784 628 812 663 2,
837 627 880 657 50
903 626 954 666 (ex
978 635 1100 656 morum
1124 623 1259 656 Othonis
1283 623 1519 666 descriptione).

340 678 453 710 Facere
478 689 540 709 uon
563 689 703 719 possum,
729 680 804 720 quin
830 679 887 709 hos
912 678 996 709 locos
1021 678 1213 709 exscribam:

494 731 620 762 Cassius
644 731 706 763 Dio
1584 730 1714 762 Tacitus

221 785 272 818 64,
309 784 359 820 13,
396 787 411 816 1
450 782 564 814 νικάτω
599 784 790 821 Οὐιτέλλιος,
828 786 887 814 επεὶ
925 785 1019 815 τοῦτο
1269 783 1343 816 hist.
1368 784 1399 822 2,
1430 783 1470 814 47
1496 783 1618 815 fruetur
1641 783 1791 815 Vitellius
1814 783 1913 815 fratre
1938 784 2071 825 coniuge

174 842 239 872 τοῖς
262 838 355 872 θεοῖ,ι
378 836 492 874 effug-²51¹,
517 838 734 874 σωζέσθωσαυ
763 840 818 868 καὶ
843 839 872 868 οἱ
895 839 1017 868 ἐκείνου
1225 836 1345 867 liberis:
1363 836 1441 867 mihi
1454 847 1516 868 non
1531 837 1651 868 ultione
1665 847 1767 878 neque
1780 836 1903 868 solaciis
1920 847 1999 878 opus
2012 839 2070 870 est.

175 890 379 928 στρατιῶταί,
404 891 466 920 ἐπεὶ
490 889 574 921 τοῦτ’
600 891 667 928 ἐμοὶ
690 891 788 923 δοκεῖ.
1114 889 1115 898 ³

220 942 270 979 64,
299 943 347 980 13,
373 944 391 973 3
409 941 470 981 ἐγώ
487 942 512 973 (Υ
526 942 624 978 αὐτὸς
637 943 779 981 ἐμαυτὸν
794 941 1016 983 ἐλευθερώσω,
1113 951 1114 954 ’
1270 941 1343 973 hist.
1369 942 1400 980 2,
1423 943 1465 974 47
1490 943 1546 973 alii
1570 942 1687 973 diutius
1714 943 1881 983 imperium
1897 943 2067 979 tenuerint,

173 995 256 1030 ὅπως
279 996 334 1026 καὶ
354 995 393 1036 τῷ
410 996 490 1035 ἔργῳ
506 994 644 1031 ἅπαντες
660 995 834 1036 ἅνθρωποι
852 993 1016 1033 μάθωσιν,
1224 1005 1316 1026 nemo
1340 997 1405 1026 tam
1430 995 1554 1026 fortiter
1577 995 1756 1036 reliquerit.

172 1048 223 1080 ὅτι
247 1048 393 1079 τοιοῦτον
415 1048 644 1088 αὐτοκράτορα
669 1048 811 1086 εἵλεσθε,
841 1048 931 1084 ὅστις
955 1048 1018 1085 οἰχ

174 1102 260 1139 ὑμᾶς
293 1101 372 1141 ὑπὲρ
407 1102 535 1139 ἑαυτοῦ,
567 1101 633 1132 ἀλλ’
671 1102 785 1133 ἑαυτὸν
820 1102 897 1142 ὑπὲρ
932 1102 1018 1137 ὑμῶν

173 1155 317 1185 δέδωκεν.

218 1209 269 1245 64,
297 1209 346 1245 15,
371 1208 390 1238 2
415 1205 552 1238 κάκιστά
574 1219 609 1245 γε
631 1206 692 1245 μὴν
708 1207 898 1247 ἀνθρώπων
914 1207 1015 1245 ζήσας
1110 1228 1112 1234 ,
1269 1208 1343 1240 hist.
1369 1209 1398 1246 2,
1431 1208 1473 1239 50
1508 1207 1629 1238 duobus
1654 1207 1857 1243 facinoribus,
1886 1207 1985 1238 altero
2009 1207 2067 1239 fla-

173 1260 329 1292 κάλλιστα
364 1260 550 1296 ἀπέθανεν,
586 1262 639 1291 καὶ
674 1258 924 1299 κακουργότατα
961 1262 1017 1298 τὴν
1224 1262 1440 1302 gitiosissimo,
1477 1261 1576 1291 altero
1600 1262 1737 1302 egregio,
1772 1260 1959 1291 tantundem
1983 1260 2066 1302 apud

172 1310 277 1353 ἀρχὴν
301 1312 452 1353 ἀρπάσας
475 1311 593 1352 decora
616 1313 717 1351 αὐτῆς
741 1313 912 1353 ἀπηλλάγη.
1224 1317 1368 1355 posteros
1393 1315 1506 1345 meruit
1530 1315 1632 1345 bonae
1657 1313 1762 1344 famae
1787 1316 1940 1354 quantum
1957 1313 2068 1346 malae.

332 1374 426 1405 Multi
450 1376 545 1406 etiam
570 1386 607 1406 ex
632 1375 762 1406 Vitellio
788 1377 847 1407 loci
872 1387 941 1406 cum
967 1376 1106 1408 Taciteis
1130 1375 1335 1418 comparandi
1359 1379 1451 1407 sunt:

331 1427 392 1459 Dio
417 1427 470 1464 65,
496 1428 510 1458 1
536 1437 575 1451 =
601 1428 673 1460 hist.
699 1431 728 1467 2,
754 1430 813 1463 59;
838 1430 867 1465 2,
894 1430 935 1461 70
959 1429 1139 1470 (Vitellium
1164 1430 1266 1461 locum
1292 1440 1416 1470 pugnae
1440 1429 1658 1460 Bedriacensis
1685 1427 1886 1469 visitavisse).

329 1479 389 1511 Dio
414 1480 465 1518 65,
491 1481 509 1511 8
534 1495 575 1507 =
600 1481 674 1513 hist.
698 1484 728 1519 2,
752 1481 793 1513 76
818 1485 849 1513 et
873 1484 933 1519 773
972 1482 1012 1515 cf.
1045 1484 1073 1520 2,
1110 1483 1167 1520 833
1206 1484 1236 1520 3,
1272 1483 1313 1515 75
1339 1481 1581 1523 (Vespasianum
1616 1492 1686 1512 cum
1716 1481 1866 1512 Muciano
1901 1480 1939 1512 de
1973 1490 2072 1522 regno

171 1533 352 1574 occupando
376 1532 623 1572 deliberavisse).

331 1586 392 1617 Dio
417 1587 468 1624 65,
493 1588 512 1617 9
536 1596 575 1610 =
600 1587 674 1618 hist.
700 1588 729 1624 2,
755 1588 811 1624 783
837 1589 866 1625 2,
892 1589 951 1625 82,
975 1589 1005 1626 2,
1030 1589 1090 1625 86;
1114 1588 1143 1624 3,
1167 1589 1186 1619 3
1211 1589 1262 1629 (de
1286 1587 1492 1629 Vespasiano,
1517 1587 1674 1625 Muciano,
1701 1587 1844 1618 Antonio
1869 1586 1997 1628 Primo).

330 1638 393 1670 Dio
418 1640 469 1678 65,
496 1640 537 1671 10
559 1649 599 1662 =
623 1640 697 1672 hist.
723 1642 752 1678 2,
780 1641 858 1677 100;
883 1641 912 1677 3,
940 1641 979 1673 13
1004 1645 1035 1673 et
1060 1642 1101 1674 14
1125 1642 1176 1683 (de
1199 1640 1351 1673 Caecinae
1373 1641 1577 1682 proditione).

331 1691 392 1723 Dio
419 1693 470 1730 65,
497 1694 537 1724 14
560 1702 599 1715 =
623 1693 696 1724 hist.
722 1694 755 1730 3,
781 1694 837 1731 23;
861 1695 890 1731 3,
917 1695 972 1731 24;
997 1695 1026 1731 3,
1052 1695 1109 1732 25;
1134 1695 1163 1733 3,
1189 1695 1228 1726 31
1255 1695 1306 1735 (de
1330 1693 1533 1725 Cremonensi
1561 1695 1690 1735 pugna).

330 1744 390 1776 Dio
415 1746 466 1782 65,
494 1747 532 1778 15
556 1755 596 1768 =
620 1746 694 1778 hist.
719 1746 751 1784 3,
776 1747 817 1778 33
842 1750 873 1778 et
897 1748 938 1778 34
962 1748 1013 1788 (de
1038 1747 1212 1779 Cremonae
1236 1747 1322 1778 urbis
1346 1748 1500 1785 interitu).

331 1797 392 1829 Dio
418 1797 469 1835 65,
494 1800 534 1830 16
558 1808 597 1822 =
621 1798 694 1830 hist.
719 1801 749 1835 3,
776 1800 816 1831 67
843 1803 873 1830 et
898 1801 938 1831 68
964 1801 1015 1841 (de
1039 1801 1160 1832 Vitellii
1184 1800 1325 1842 pavore).

328 1850 388 1881 Dio
412 1852 463 1888 65,
490 1852 529 1883 17
554 1861 593 1875 =
617 1852 692 1885 hist.
717 1853 747 1890 3,
774 1853 903 1884 69—74
928 1854 979 1894 (de
1004 1853 1161 1894 Capitolio
1185 1855 1338 1892 incenso).

327 1903 389 1934 Dio
412 1905 464 1942 65,
490 1905 531 1936 18
554 1914 593 1928 =
618 1905 691 1937 hist.
718 1906 747 1943 3,
771 1905 898 1937 78-81
926 1905 1109 1945 (Flavianos
1134 1907 1242 1938 urbem
1267 1907 1401 1938 Romam
1425 1906 1648 1947 occupavisse).

325 1956 388 1988 Dio
412 1957 463 1993 65,
490 1958 529 1988 19
554 1967 592 1980 Ξ
617 1958 691 1991 hist.
716 1959 746 1996 3,
772 1960 831 1996 82;
855 1958 894 1990 cf.
918 1959 948 1996 4,
975 1960 988 1990 1
1017 1959 1068 1999 (de
1093 1959 1229 1990 militum
1255 1960 1464 2000 crudelitate).

327 2009 389 2041 Dio
414 2009 466 2047 65,
490 2010 533 2042 20
557 2013 588 2041 et
614 2012 651 2042 21
679 2020 718 2034 Ξ
743 2012 817 2044 hist.
842 2012 872 2049 3,
897 2012 939 2043 84
962 2014 995 2042 et
1019 2013 1059 2043 85
1086 2013 1137 2052 (de
1161 2012 1283 2044 Vitellii
1307 2013 1424 2051 caede).

326 2062 388 2093 Dio
413 2063 464 2100 65,
490 2064 529 2093 22
554 2073 593 2086 =
617 2064 691 2096 hist.
716 2065 746 2102 4,
772 2066 808 2101 2;
833 2065 863 2102 4,
889 2065 930 2096 80
955 2064 1131 2105 (quomodo
1155 2065 1277 2097 Vitellii
1302 2066 1399 2097 frater
1422 2068 1453 2096 et
1476 2065 1559 2096 filius
1583 2065 1687 2096 necati
1712 2065 1801 2105 sint).
1815 2062 1840 2105 1)

325 2175 349 2209 ¹)
368 2178 408 2203 Ex
427 2178 599 2211 Vespasiani.
619 2178 687 2211 Titi,
706 2179 861 2205 Domitiani
880 2179 981 2213 regnis,
1002 2180 1098 2212 qualia
1117 2188 1133 2205 a
1152 2180 1250 2207 Tacito
1270 2180 1473 2211 describuntur,
1494 2180 1546 2206 Dio
1566 2180 1634 2206 haec
1654 2179 1776 2205 hausisse
1796 2178 1924 2205 videtur:

326 2221 422 2255 Vesp.:
443 2221 495 2248 Dio
515 2222 555 2255 66,
573 2223 589 2248 3
608 2223 654 2255 (cf.
674 2224 715 2254 66,
736 2223 784 2253 16)
804 2233 844 2246 =
863 2223 927 2259 hist.
945 2224 969 2255 4,
988 2224 1022 2249 67
1041 2223 1086 2256 (de
1104 2224 1180 2250 Julio
1200 2225 1303 2251 Sabino
1323 2225 1436 2258 eiusque
1455 2233 1539 2251 uxore
1559 2223 1727 2258 Epponina).

325 2265 376 2292 Dio
396 2266 439 2297 66,
458 2266 482 2297 5,
503 2267 516 2291 1
537 2276 575 2289 =
595 2267 671 2293 Oros.
692 2268 715 2294 7,
734 2266 758 2299 9,
779 2269 795 2293 4
815 2267 854 2299 (in
874 2267 949 2294 bello
968 2268 1086 2294 ,Iudaico
1107 2270 1210 2295 multos
1231 2270 1355 2296 homines
1373 2270 1456 2296 fuisse
1476 2268 1608 2301 necatos).

322 2310 374 2336 Dio
394 2311 436 2342 66,
455 2311 470 2336 6
489 2320 527 2332 =
547 2310 623 2344 Snlp¹
644 2311 705 2337 Sev.
725 2312 823 2338 Chron.
843 2312 868 2343 2,
895 2312 936 2343 30,
963 2315 992 2342 0'5
1025 2312 1102 2339 Oros.
1127 2314 1151 2345 7,
1180 2314 1204 2345 9,
1223 2313 1238 2340 4
1270 2314 1420 2346 (Romanos
1451 2314 1498 2339 diu
1530 2313 1706 2343 deliberasse,
1739 2322 1803 2340 num
1835 2313 1863 2339 in
1893 2313 2062 2340 ,Iudaeorum

165 2353 302 2386 templum
321 2353 499 2388 irrumpant).
1626 2384 1630 2392 ἶ

320 2397 373 2424 Dio
393 2399 434 2429 66,
454 2399 488 2425 12
506 2408 545 2421 =
566 2399 658 2425 Aurel.
681 2399 752 2425 Vict.
772 2400 848 2427 Caes.
868 2399 893 2432 9,
911 2401 928 2426 4
945 2400 1159 2434 (Vespasianum
1179 2411 1234 2428 non
1254 2402 1404 2434 dubitasse,
1424 2402 1492 2435 quin
1511 2402 1600 2428 filium
1621 2410 1805 2434 successorem
1825 2401 1962 2436 haberet).

320 2442 416 2475 Titus:
448 2442 500 2469 Dio
519 2443 559 2474 66,
581 2443 622 2475 19,
643 2444 655 2468 1
676 2443 720 2476 (cf.
741 2444 783 2476 66,
804 2444 844 2475 18,
866 2444 891 2476 1)
910 2454 949 2467 =
969 2444 1045 2471 Oros.
1064 2446 1088 2477 7,
1108 2445 1131 2478 9,
1151 2444 1181 2476 3;
1213 2447 1315 2472 Auson.
1335 2446 1430 2477 Titus;
1461 2446 1495 2472 cf.
1519 2446 1581 2472 hist.
1601 2446 1626 2477 2,
1647 2446 1677 2477 2,
1710 2448 1775 2473 Aur.
1796 2446 1870 2473 vict.
1889 2446 1963 2480 Epit.
1984 2446 2025 2479 10,
2045 2447 2060 2473 5

163 2485 273 2514 (Titum
293 2486 398 2512 nullius
417 2487 583 2521 sanguinem
602 2487 632 2513 in
651 2495 680 2514 re
699 2488 816 2522 publica
836 2488 962 2521 fudisse).

321 2530 371 2557 Dio
391 2531 434 2563 66,
453 2531 488 2557 20
510 2541 547 2554 =
568 2531 633 2558 Tac.
652 2533 716 2565 Agr.
739 2531 788 2560 1οι
808 2534 873 2566 Agr.
893 2532 926 2558 39
945 2532 1097 2566 (quomodo
1118 2533 1249 2568 Agricola
1268 2534 1296 2560 in
1317 2534 1463 2561 Britannia
1482 2543 1540 2561 sese
1560 2535 1696 2568 gesserit).
