2197 2958
454 387 625 419 Suetonius

164 443 256 476 Galb.
281 443 322 474 20
346 442 399 472 ille
423 441 503 482 (scil.
520 440 621 483 Otho)
646 441 716 472 lixis
741 441 966 480 calonibusque

120 496 251 529 donavit
289 497 395 535 (caput
419 494 565 534 Galbae),
602 495 656 535 qui
692 494 784 525 hasta
817 493 966 524 suffixum

123 561 186 581 non
211 550 279 580 sine
314 548 450 579 ludibrio
490 548 607 578 circum
643 550 747 577 castra
782 548 966 587 portarunt.

164 609 238 642 Oth.
263 612 283 642 3
311 620 406 651 quare
430 609 557 639 diducto
583 609 785 639 matrimonio
809 608 966 648 sepositus

119 668 169 695 est
191 674 246 704 per
269 672 396 694 causam
422 662 591 703 legationis
615 662 647 691 in
675 661 884 692 Lusitaniam.

164 769 241 807 Oth..
254 770 275 801 4
292 770 345 810 qui
362 780 431 800 cum
450 779 520 799 eum
537 767 835 809 olimffisuperstitem
850 766 966 798 Neroni

120 824 187 855 fore
211 822 444 864 spopondisset,
469 826 544 852 tunc
567 822 651 851 ultro
673 821 855 861 inopinatus
871 820 967 851 adve—

121 879 221 913 nerat,
238 877 466 916 imperaturum
485 884 610 915 quoque
627 874 714 904 brevi
730 874 966 914 repromittens.

165 1088 239 1121 Oth.
257 1089 278 1120 4
302 1088 390 1119 nullo
406 1088 504 1129 igitur
528 1087 625 1118 officii
650 1089 705 1118 aut
728 1086 912 1117 ambitionis
936 1086 968 1116 in

119 1151 314 1184 quemquam
354 1152 469 1182 genere
510 1141 643 1176 omisso,
684 1141 832 1182 quotiens
872 1148 970 1170 caena

124 1196 298 1237 principem
322 1195 487 1236 acciperet,
520 1205 631 1225 aureos
655 1194 823 1225 excubanti
847 1189 969 1226 cohorti

123 1249 242 1280 viritim
266 1248 437 1283 dividebat,
473 1258 531 1278 nec
567 1248 671 1278 minus
707 1248 804 1278 alium
832 1247 894 1278 alia
918 1249 969 1279 via

119 1302 256 1334 militum
279 1301 508 1333 demerebatur.

145 1353 240 1386 .,Oth.
258 1353 277 1386 6
300 1354 413 1384 deinde
430 1354 543 1384 liberto
560 1353 669 1384 adesse
684 1353 875 1384 architectos
889 1365 970 1384 nun-

120 1409 231 1446 tiante,
249 1408 332 1449 quod
349 1408 477 1448 siguum
494 1410 695 1444 convenerat,
719 1408 808 1448 quasi
827 1407 968 1438 venalem

122 1461 250 1492 domum
275 1461 477 1502 inspecturus
501 1460 664 1497 abscessit,
693 1460 915 1501 proripuitque
939 1471 971 1491 se

124 1515 248 1556 postica
272 1516 363 1555 parte
387 1513 490 1544 Palati
513 1513 551 1544 ad
577 1514 797 1546 constitutum.

166 1566 242 1599 Oth.
259 1568 293 1598 ll
311 1570 384 1608 post
397 1567 456 1598 hoc
474 1567 583 1598 sedata
596 1567 649 1598 siti
663 1567 785 1608 gelidae
797 1576 899 1607 aquae
915 1577 971 1608 po-

124 1623 224 1658 tione,
263 1621 397 1661 arripuit
435 1621 513 1651 duos
552 1621 706 1661 pugiones
739 1623 770 1651 et
809 1620 972 1661 explorata

123 1674 288 1714 utriusque
316 1674 398 1711 acie,
428 1684 497 1704 cum
531 1673 664 1704 alterum
698 1673 829 1714 pulvino
865 1673 972 1704 subdi-

125 1727 232 1764 disset,
258 1727 378 1757 foribus
402 1727 562 1768 adopertis
579 1726 738 1757 artissimo
755 1736 868 1758 somno
885 1726 972 1768 quie-

127 1780 183 1811 vit.
230 1779 272 1810 Et
307 1780 389 1811 circa
424 1780 527 1811 lucem
561 1779 686 1810 demum
722 1780 971 1820 expergefactus,

122 1843 186 1864 uno
211 1844 244 1865 se
268 1833 394 1864 traiecit
419 1833 484 1864 ictu
509 1832 592 1863 infra
614 1833 736 1864 laevam
760 1832 922 1874 papillam.

173 1938 248 1971 Oth.
275 1937 351 1980 122)
386 1939 479 1970 multi
503 1940 715 1980 praesentium
740 1940 875 1970 militum
900 1949 970 1971 cum

126 1992 261 2034 plurimo
271 1992 347 2024 fietu
363 2003 476 2023 manus
489 2003 525 2023 ac
536 1992 630 2033 pedes
644 1993 774 2024 iacentis
787 1993 971 2035 exosculati,

124 2046 333 2077 fortissimum
348 2046 460 2083 virum,
473 2046 600 2076 unicum
613 2046 835 2087 imperatorem
850 2047 972 2087 praedi-

124 2102 243 2137 cantes,
271 2100 389 2130 ibidem
418 2100 526 2130 statim
552 2109 609 2130 nec
633 2099 740 2140 procul
765 2110 783 2129 a
807 2110 883 2141 rogo
908 2100 971 2130 vim

123 2163 198 2183 suae
221 2153 307 2183 vitae
330 2152 517 2185 attulerunt.

168 2204 234 2236 Vit.
252 2205 290 2236 11
310 2205 419 2236 urbem
444 2204 579 2245 denique
601 2205 642 2235 ad
667 2204 831 2236 classicum
849 2206 973 2236 introiit

126 2258 294 2300 paludatus
312 2258 457 2299 ferroque
470 2259 656 2295 succinctus,
675 2259 757 2289 inter
773 2259 864 2298 signa
876 2261 972 2299 atque

127 2311 253 2347 vexilla,
285 2311 441 2352 sagulatis
465 2312 643 2350 comitibus,
674 2322 709 2343 ac
733 2310 863 2342 detectis
887 2321 972 2342 com-

127 2363 308 2395 militonum
332 2365 436 2397 armis.

1540 384 1667 416 Tacitus

1218 437 1292 469 hist.
1311 439 1335 474 l,
1350 438 1392 469 49
1407 440 1503 478 caput
1517 448 1573 478 per
1586 438 1668 469 lixas
1681 439 1867 479 calonesque
1881 438 2029 470 suffixum

1182 491 1419 530 laceratumque
1444 494 1521 521 ante
1546 490 1685 521 Patrobii
1702 492 1868 522 tumulum.

1225 605 1300 636 hist.
1329 606 1355 641 1,
1388 605 1426 635 13
1454 616 1526 636 mox
1551 607 1732 646 suspectum
1758 607 1787 636 in
1815 607 1922 636 eadem
1948 606 2030 646 Pop-

1182 667 1262 699 paea
1292 659 1324 688 in
1358 659 1552 698 provinciam
1582 658 1782 689 Lusitaniam
1812 660 1913 699 specie
1942 659 2028 698 lega-

1180 711 1277 741 tionis
1301 711 1451 751 seposuit.

1226 763 1299 794 hist.
1328 766 1354 799 1,
1385 765 1426 794 22
1451 775 1467 795 e
1492 764 1604 805 quibus
1629 763 1829 794 Ptolemaeus
1854 763 1971 795 Othoni
1997 766 2027 794 in

1182 817 1344 858 provincia
1369 827 1481 854 comes,
1511 828 1580 847 cum
1611 818 1847 857 superfuturum
1872 828 1941 848 eum
1968 816 2030 847 Ne-

1181 871 1250 902 roni
1282 870 1490 911 promisisset,
1524 874 1692 911 postquam
1727 880 1765 900 ex
1796 874 1911 901 eventu
1943 870 2028 905 fides,

1183 925 1363 954 coniectura
1399 925 1460 954 iam
1492 927 1523 954 ct
1552 933 1675 954 rumore
1702 925 1822 954 senium
1849 923 1972 954 Galbae
2001 930 2031 953 et

1182 978 1345 1008 iuventam
1379 975 1516 1007 Othonis
1549 978 1804 1016 computantium
1833 980 2031 1017 persuaserat

1184 1032 1260 1069 fore,
1286 1034 1320 1061 ut
1344 1031 1375 1060 in
1402 1031 1567 1070 imperium
1592 1030 1826 1062 adscisceretur.

1229 1085 1302 1115 hist.
1331 1086 1358 1119 1,
1383 1084 1426 1114 24
1451 1094 1486 1114 eo
1510 1083 1676 1124 paullatim
1703 1095 1887 1124 progressus
1912 1087 1968 1118 est,
1997 1088 2032 1114 ut

1183 1149 1238 1179 per
1273 1137 1409 1179 speciem
1445 1137 1595 1172 convivii,
1631 1137 1778 1177 quotiens
1814 1136 1913 1167 Galba
1949 1135 2031 1177 apud

1184 1190 1343 1222 Othonem
1369 1190 1558 1231 epularetur,
1593 1189 1716 1220 cohorti
1750 1190 1896 1220 excubias
1925 1190 2033 1230 agenti

1184 1246 1301 1276 viritim
1327 1249 1477 1275 centenos
1503 1253 1648 1274 nummos
1673 1243 1833 1274 divideret.

1230 1351 1305 1383 hist.
1322 1351 1351 1386 1,
1369 1350 1407 1381 27
1425 1361 1481 1380 nec
1496 1350 1595 1380 multo
1609 1354 1680 1390 post
1694 1350 1824 1380 libertus
1838 1349 2031 1379 Onamastus

1185 1405 1315 1435 nuntiat
1344 1403 1519 1444 exspectari
1551 1414 1619 1433 eum
1653 1403 1691 1433 ab
1723 1402 1895 1433 architecto
1929 1405 1960 1432 et
1983 1413 2032 1432 re-

1185 1457 1414 1498 demptoribus,
1444 1466 1526 1497 quae
1550 1456 1738 1495 significatio
1762 1455 1943 1486 coeuntium
1968 1456 2028 1486 iani

1186 1510 1322 1542 militum
1355 1514 1387 1541 et
1415 1514 1545 1551 paratae
1577 1509 1804 1540 coniurationis
1829 1510 2030 1539 convenerat.

1231 1565 1305 1595 hist.
1325 1565 1354 1600 2,
1380 1564 1421 1594 49
1442 1566 1662 1603 vesperacente
1679 1562 1727 1592 die
1745 1562 1831 1592 sitim
1848 1561 1960 1591 haustu
1979 1571 2031 1602 ge-

1184 1618 1266 1649 lidae
1289 1626 1390 1658 aquae
1415 1616 1546 1647 sedavit.
1593 1614 1671 1646 Tum
1701 1614 1816 1645 adlatis
1840 1615 2030 1655 pugionibus

1185 1668 1349 1709 duobus‚¹)
1375 1681 1444 1701 cum
1472 1673 1639 1709 utrumque
1668 1671 1921 1709 pertemptasset,
1953 1669 2031 1698 alte-

1185 1736 1254 1756 rum
1279 1725 1375 1765 capiti
1397 1722 1549 1755 subdidit.
1596 1723 1637 1753 Et
1661 1723 1835 1763 explorato,
1872 1723 1934 1752 iam
1960 1732 2032 1762 pro-

1185 1779 1286 1809 sectos
1311 1779 1439 1815 amicos,
1458 1779 1581 1807 noctem
1599 1778 1749 1817 quietam,
1772 1779 1868 1816 utque
1885 1775 2031 1805 adfirma-

1186 1834 1245 1865 tur,
1271 1841 1333 1861 non
1360 1830 1537 1860 insomnem
1562 1830 1642 1869 egit:
1682 1829 1750 1859 luce
1777 1829 1879 1869 prima
1908 1828 1939 1858 in
1970 1827 2030 1858 fer-

1185 1894 1253 1915 rum
1278 1887 1404 1924 pectore
1428 1883 1580 1914 incubuit.

1232 1939 1306 1969 hist.
1322 1939 1351 1971 2,
1370 1934 1445 1977 492)
1460 1936 1559 1967 tulere
1573 1946 1685 1976 corpus
1699 1934 1875 1976 praetoriae
1888 1935 2033 1966 cohortes

1185 2001 1255 2023 cum
1286 1989 1432 2021 laudibus
1468 1994 1500 2020 et
1534 1989 1671 2019 lacrimis
1708 1989 1821 2019 vulnus
1857 1998 2031 2028 manusque

1186 2047 1252 2076 eius
1277 2042 1507 2075 exosculantes.
1556 2040 1687 2079 Quidam
1712 2042 1848 2072 militum
1873 2042 1960 2072 iuxta
1982 2052 2031 2072 ro-

1186 2110 1260 2139 gum
1281 2099 1470 2128 interfecere
1487 2107 1528 2129 se.
1546 2106 1608 2126 non
1626 2104 1710 2126 noxa
1727 2106 1828 2136 neque
1844 2095 1885 2126 ob
1903 2099 2032 2128 melum.

1186 2150 1241 2183 sed
1265 2151 1480 2182 aemulatione
1504 2148 1624 2179 decoris
1653 2152 1684 2180 et
1712 2149 1844 2179 caritate
1870 2148 2030 2189 principis,

1230 2205 1294 2236 hist
1318 2205 1348 2240 2,
1374 2203 1414 2235 89
1439 2204 1505 2244 ipse
1524 2202 1670 2233 Vitellius
1687 2213 1704 2233 a
1727 2205 1825 2242 ponte
1843 2201 1962 2232 Mulvio
1987 2203 2032 2232 in-

1184 2259 1268 2299 signi
1301 2268 1391 2298 equo,
1427 2256 1594 2298 paludatus
1629 2257 1850 2296 accinctusque
1885 2256 2029 2286 senatum

1185 2315 1218 2343 et
1242 2312 1397 2353 populum
1424 2315 1497 2340 ante
1522 2321 1553 2339 se
1576 2320 1682 2350 agens,
1706 2309 1874 2349 quominus
1898 2311 1934 2338 ut
1957 2317 2032 2349 cap-

1185 2368 1250 2396 tam
1285 2366 1392 2394 urbem
1425 2363 1651 2401 ingrederetur,
1688 2362 1860 2392 amicorum
1898 2361 2031 2392 consilio

1185 2419 1362 2451 deterritus,
1386 2420 1516 2457 sumpta
1539 2417 1701 2457 praetexta
1726 2418 1757 2445 et
1781 2415 1956 2455 composito
1973 2423 2030 2455 ag-

1185 2473 1269 2501 mine
1294 2472 1434 2502 incessit.

287 2539 306 2574 1)
326 2541 452 2568 Suetonii
472 2544 500 2568 et
518 2542 663 2569 Plutarchi
684 2542 761 2575 (Otb.
783 2543 826 2574 17)
845 2542 1017 2569 imitationes
1036 2543 1167 2569 verbum:
1202 2541 1352 2571 »duobus«,
1380 2540 1455 2573 quod
1476 2540 1503 2566 in
1524 2539 1668 2566 codicibus
1688 2538 1869 2566 desideratur.
1890 2539 1925 2564 ab
1945 2538 2033 2564 edito-

128 2585 205 2611 ribus
224 2586 427 2612 recentioribus
447 2588 523 2613 recte
542 2587 683 2613 adiectum
702 2595 760 2613 esse
780 2587 972 2621 comprobant.
993 2602 1024 2605 —
1044 2585 1068 2621 1)
1086 2587 1127 2613 Cf.
1148 2586 1200 2612 Dio
1219 2586 1262 2617 64,
1284 2585 1324 2612 15.
