2234 2902
1042 252 1080 284 15

260 359 402 391 Florus
426 362 457 390 et
481 358 679 390 Justinus
704 369 798 400 opera
822 369 878 389 sua
901 357 1062 389 coloribus
1086 370 1102 389 e
1127 358 1229 390 Taciti
1255 359 1341 390 libris
1369 359 1592 400 depinxerunt.
1638 360 1746 402 Atque
1770 361 1851 393 Livii
1882 362 2008 403 quidem

101 413 294 456 epitomator
311 424 386 444 num
404 412 498 443 huius
512 413 674 453 scriptoris
691 411 857 443 verborum
875 421 965 442 usum
991 408 1134 442 imitatus
1152 415 1244 448 esset,
1269 412 1513 454 diligentissime
1531 412 1687 454 quaesivit
1704 413 1856 446 Alfonsus
1873 414 1973 456 Egen,
1988 414 2012 456 ¹)

100 467 152 508 qui
179 475 242 498 non
270 468 336 497 tam
361 466 468 496 omnia
491 465 574 496 inter
597 474 652 496 eos
675 463 800 502 similia,
824 474 919 505 quam
943 464 1039 494 nimis
1058 465 1164 496 >multa
1188 464 1332 507 exempla
1357 465 1502 506 protulit.
1550 465 1663 507 Itaque
1687 467 1788 504 rebus,
1819 477 1900 509 quae
1929 468 2011 510 apud

102 519 259 561 Egenium
282 519 386 549 minus
402 518 516 549 idonea
540 519 664 549 exstare
689 516 767 548 mihi
791 518 875 548 visae
898 518 1014 554 essent,
1038 519 1162 556 amotis,
1187 520 1307 560 optime
1331 519 1370 550 ab
1395 530 1431 550 eo
1455 519 1539 550 dicta
1563 518 1602 550 de
1625 520 1749 559 integro
1773 532 1948 562 proponere
1972 521 2011 552 ab

101 572 159 603 hac
175 570 398 602 dissertatione
414 581 477 602 non
496 571 633 601 alienum
652 581 719 601 esse
735 568 854 611 putavi,
876 572 920 603 ut,
944 570 1102 610 quomodo
1128 570 1239 602 Florus
1264 571 1376 603 Tacito
1402 583 1477 603 usus
1501 574 1592 609 esset,
1617 573 1816 604 manifestius
1841 576 1873 604 et
1895 574 2010 605 clarius

100 623 314 656 illustraretur
324 634 332 654 ε

462 667 593 698 Tacitus

145 731 221 753 ann.
249 722 277 759 1,
311 721 328 752 7
361 720 479 752 habere
503 720 674 761 imperium
704 730 799 760 quam
823 729 950 760 exspec-

101 778 169 806 tare
194 774 314 806 mallet.

146 838 221 861 ann.
248 829 276 865 1,
311 827 331 858 9
361 837 424 857 non
461 825 546 857 aliud
581 824 791 857 discordantis
826 826 948 867 patriae

101 881 275 912 remedium
300 879 406 917 fuisse,
439 890 533 920 quam
566 883 600 910 nt
624 879 665 910 ab
688 889 753 910 uno
777 882 947 920 regeretur.

100 934 141 967 cf.
165 945 238 965 ann.
266 935 294 971 1,
322 933 360 964 12
385 942 485 963 unum
510 943 578 963 esse
601 933 645 963 rei
669 933 812 973 publicae
836 943 948 974 corpus

102 989 198 1028 atque
221 987 314 1017 unius
338 986 446 1016 animo
469 985 651 1026 regendum.

147 1051 221 1071 ann.
248 1041 275 1077 1,
311 1039 350 1070 10
381 1041 540 1070 extortum
573 1038 676 1070 invito
699 1041 811 1069 senatu
835 1049 949 1070 consu-

100 1093 209 1124 latum.

146 1157 220 1176 ann.
246 1149 276 1182 2,
301 1146 342 1177 52
369 1144 517 1186 Mazippa
530 1169 689 1178 .......
715 1148 865 1176 terrorem
889 1145 948 1177 cir-

100 1199 278 1231 cumferret.

142 1263 217 1282 ann.
242 1253 271 1289 4,
308 1251 351 1283 40
376 1262 539 1292 erumpere
563 1251 829 1289 aemulationem;
853 1251 892 1283 cf.
917 1253 947 1293 5,

102 1306 139 1336 11
165 1304 321 1336 discordia
345 1305 494 1346 erumpit.

145 1368 222 1391 ann.
241 1357 291 1395 13,
319 1358 359 1389 37
378 1358 578 1388 circumferre
596 1358 713 1389 bellum
738 1361 882 1396 coactus;
906 1360 946 1391 cf.

101 1422 176 1444 ann.
202 1413 230 1449 1,
255 1410 297 1442 56
322 1411 385 1442 huc
408 1411 483 1441 illuc
506 1411 610 1442 ferens
634 1422 730 1444 arma.

143 1474 219 1496 ann.
239 1464 290 1502 15,
309 1463 350 1496 59
369 1464 485 1495 nedum
500 1488 596 1497 .....
613 1475 700 1495 arma
716 1467 826 1496 eontra
842 1467 947 1497 cieret.

142 1517 219 1550 hist.
236 1518 267 1555 2,
291 1517 333 1549 38
360 1520 451 1548 vetus
475 1527 511 1548 ac
532 1516 596 1548 iam
613 1517 734 1558 pridem
751 1519 847 1549 insita
865 1529 948 1550 mor-

98 1569 219 1602 talibus
242 1571 408 1612 potentiae
431 1569 544 1611 cupido
568 1580 638 1602 oum
667 1572 792 1612 imperii
823 1573 948 1613 magni-

102 1624 214 1655 tudine
237 1623 376 1654 adolevit
400 1624 577 1664 erupitque.

143 1676 238 1709 ibid.:
272 1679 303 1707 et
335 1676 368 1707 in
393 1677 471 1707 urbe
495 1687 531 1707 ac
556 1676 624 1708 foro
647 1679 882 1719 temptamenta
904 1679 948 1710 ci-

99 1729 209 1762 vilium
233 1729 399 1761 bellorum.

142 1782 237 1816 ibid.:
272 1785 305 1814 et
340 1792 517 1824 numquam
546 1785 656 1824 postea
687 1785 749 1816 nisi
772 1784 810 1816 de
832 1786 949 1826 princi—

100 1839 178 1878 patu
201 1836 391 1877 quaesitum.

143 1890 219 1923 hist.
237 1891 268 1926 2,
285 1889 328 1921 84
345 1889 548 1931 indulgentia
565 1889 731 1928 fortunae3
753 1890 828 1924 hist.
845 1892 875 1930 2,
891 1892 948 1923 99:

98 1943 245 1975 fortunae
267 1942 478 1984 indulgentia.

143 1996 220 2029 hist.
243 1995 274 2034 4,
306 1996 348 2028 38
382 2007 421 2027 ne
456 1996 629 2028 victoribus
664 1997 790 2038 quidem
821 1999 948 2039 ingrato

100 2058 235 2087 rumore,
268 2059 404 2090 quorum
436 2048 627 2091 cupiditates
657 2051 795 2081 externis
823 2061 948 2093 quoque

98 2102 190 2133 bellis
221 2102 430 2143 inexplebiles
467 2102 556 2133 nulla
584 2114 734 2144 umquam
759 2104 860 2136 civilis
883 2106 948 2136 vic-

99 2154 181 2186 toria
205 2156 343 2187 satiavit.

1531 668 1644 700 Florus

1213 724 1240 759 1,
1264 724 1293 760 7,
1321 722 1341 754 2
1366 732 1498 763 regnum
1523 723 1642 753 avitum
1660 733 1768 763 rapere
1786 724 1897 754 maluit
1913 733 2009 765 quam

1163 779 1354 815 exspectare.

1207 829 1237 865 4,
1263 829 1292 866 3,
1319 830 1339 859 ἴ)
1365 829 1556 869 (Augustus)
1575 829 1734 860 ordinavit
1749 830 1873 870 imperii
1889 840 2010 871 corpus,

1164 882 1247 922 quod
1272 882 1355 913 haud
1382 882 1476 913 dubie
1500 893 1663 923 nunquam
1687 882 1769 914 coire
1787 886 1818 914 et
1833 884 2012 914 consentire

1163 936 1337 975 potuisset,
1377 936 1438 966 nisi
1477 936 1570 966 unius
1610 937 1764 977 praesidis
1803 939 1883 967 nutu
1922 937 2011 977 quasi

1164 989 1269 1018 anima
1294 991 1326 1019 et
1352 991 1458 1019 mente
1475 991 1648 1030 regeretur.
1693 989 1747 1030 (cf.
1767 989 1864 1029 Egen.
1882 1001 1911 1030 p,
1929 988 2010 1028 2).2)

1211 1045 1238 1078 1,
1266 1042 1318 1079 26,
1345 1042 1366 1072 4
1389 1041 1548 1073 honorum
1571 1044 1603 1072 et
1623 1043 1867 1083 magistratuum
1884 1053 2011 1074 consor-

1162 1096 1242 1126 tium
1267 1096 1411 1136 quamvis
1434 1095 1536 1126 invito
1561 1098 1683 1127 senatui
1708 1098 1852 1128 extorsit.

1207 1149 1237 1185 2,
1262 1148 1292 1186 2,
1328 1149 1367 1180 21
1403 1148 1544 1189 Regulus
1579 1160 1649 1180 cum
1686 1154 1836 1181 terrorem
1872 1151 2009 1181 nominis

1165 1202 1212 1232 sui
1237 1202 1299 1232 late
1324 1201 1578 1234 circumtulisset.

1207 1256 1236 1292 4,
1262 1256 1291 1292 2,
1321 1256 1360 1286 13
1385 1254 1495 1286 statim
1520 1256 1690 1287 aemulatio
1715 1257 1828 1297 erupit.

1208 1361 1305 1402 praef.
1331 1361 1369 1397 2;
1395 1362 1424 1398 3,
1452 1362 1501 1399 12,
1528 1364 1543 1393 1
1570 1371 1658 1393 arma
1682 1362 1885 1394 circumtulit.

1208 1470 1239 1510 4,
1265 1470 1294 1506 5,
1320 1468 1340 1500 2
1364 1470 1479 1499 iterum
1503 1478 1592 1500 arma
1616 1470 1723 1502 cierat.

1208 1523 1236 1556 2,
1263 1523 1313 1559 19,
1338 1523 1357 1553 2
1382 1523 1596 1554 crescentibus
1617 1533 1687 1554 cum
1705 1524 1774 1564 ipsa
1791 1523 2010 1563 magnitudine

1163 1576 1287 1616 imperii
1311 1576 1406 1606 vitiis.
1454 1575 1600 1607 Ceterum
1624 1577 1664 1609 cf.
1690 1576 1766 1609 Sall.
1791 1576 1858 1609 Cat.
1884 1577 1914 1609 7.

1207 1684 1237 1720 3,
1273 1685 1325 1720 21,
1365 1685 1378 1713 1
1406 1686 1438 1715 et
1473 1685 1506 1715 in
1540 1684 1617 1715 urbe
1652 1685 1754 1715 media
1778 1695 1814 1715 ac
1837 1684 1905 1716 foro
1929 1685 2010 1716 cives

1163 1746 1233 1767 cum
1258 1736 1378 1768 civibus
1402 1737 1593 1779 gladiatorio
1618 1747 1705 1769 more
1728 1740 1961 1769 concurrerent.

1207 1791 1237 1827 4,
1264 1792 1294 1828 2,
1322 1791 1363 1822 14
1386 1793 1431 1822 sic
1455 1791 1494 1822 de
1511 1792 1691 1832 principatu
1707 1790 1905 1829 laborabant,
1930 1794 2013 1821 tam-

1164 1854 1259 1885 quam
1276 1845 1354 1875 dnos
1371 1846 1454 1876 tanti
1471 1846 1595 1886 imperii
1612 1845 1740 1875 fortuna
1758 1854 1822 1875 non
1839 1846 1974 1885 caperet.
1985 1842 2010 1883 3)

1209 1899 1239 1934 2,
1267 1899 1315 1937 14,
1344 1897 1364 1928 5
1389 1898 1576 1940 indulgente
1599 1898 1737 1929 fortuna.

1210 2005 1241 2043 3,
1267 2004 1319 2042 23,
1343 2005 1364 2036 8
1392 2005 1527 2036 victores
1552 2015 1686 2046 quoque,
1712 2004 1794 2045 quod
1815 2014 1879 2035 non
1896 2006 2014 2034 temere

1164 2059 1242 2089 alias
1260 2059 1292 2089 in
1310 2058 1455 2089 civilibus
1474 2057 1574 2095 bellis,
1599 2058 1698 2099 partis
1714 2058 1856 2088 contenti
1873 2057 2012 2088 fuerunt.

258 2235 311 2261 Dio
331 2236 373 2268 66,
393 2235 428 2261 26
446 2245 486 2258 =
505 2236 599 2262 Aurel.
629 2235 704 2262 Vict.
730 2236 805 2263 Caes.
826 2236 868 2270 10,
895 2238 925 2269 3;
957 2238 992 2265 cf.
1012 2239 1087 2265 Oros.
1108 2240 1132 2270 7,
1161 2239 1183 2265 9.
1214 2238 1247 2265 15
1267 2238 1332 2271 (Dio
1355 2237 1451 2264 Titum
1471 2237 1516 2263 vel
1544 2244 1658 2263 veneno.
1687 2236 1722 2261 cf.
1742 2235 1834 2261 Aurel.
1854 2235 1938 2265 Vict.,
1966 2234 2009 2260 vel

105 2279 211 2312 morbo,
230 2279 266 2305 cf.
285 2279 372 2312 Oros„
391 2280 573 2314 absumptum
594 2288 651 2306 esse
670 2282 781 2312 narrat;
801 2281 860 2307 fieri
879 2284 980 2316 potest,
1000 2285 1033 2310 ut
1052 2284 1080 2310 et
1100 2283 1152 2310 hoc
1172 2286 1202 2310 et
1222 2283 1293 2309 illud
1315 2283 1391 2316 apud
1410 2282 1541 2309 Tacitum
1561 2281 1721 2313 exstiterit).

258 2322 378 2350 Domit.:
400 2323 451 2350 Dio
466 2324 507 2357 67,
526 2325 543 2351 2
557 2334 596 2347 =
614 2324 753 2350 Ammian.
770 2324 812 2357 18,
827 2326 852 2358 4.
867 2325 897 2358 ὃς
916 2327 952 2353 cf.
972 2326 1048 2353 Suet.
1062 2328 1142 2354 Dom.
1162 2329 1178 2353 7
1188 2327 1233 2360 (de
1254 2327 1412 2354 Domitiani
1426 2327 1498 2361 lege,
1517 2335 1551 2353 ne
1565 2328 1700 2352 castraret
1713 2325 1861 2358 quisquam
1876 2326 2011 2358 puerum).

260 2367 312 2394 Dio
333 2368 375 2400 67,
395 2369 410 2394 2
431 2378 469 2391 =
490 2369 556 2395 Aur.
577 2368 651 2396 Vict.
671 2368 747 2402 Epit.
770 2369 810 2400 11.
829 2370 863 2400 2;
883 2370 959 2398 Caes.
979 2371 1020 2404 11,
1040 2372 1056 2397 3
1075 2370 1125 2404 (cf.
1144 2372 1210 2398 Tac.
1229 2380 1294 2398 ann.
1315 2372 1338 2403 1,
1359 2370 1403 2403 11)
1424 2371 1472 2404 (de
1494 2371 1648 2397 Domitiani
1667 2368 1865 2401 simulatione).

259 2411 311 2438 Dio
332 2412 375 2444 67,
394 2412 410 2438 6
428 2421 467 2436 =
489 2412 564 2439 Oros.
584 2413 608 2445 1,
630 2412 670 2446 16,
689 2414 714 2445 2,
734 2413 769 2439 cf.
789 2414 812 2444 7,
838 2414 879 2445 34,
908 2416 923 2440 5
943 2415 1044 2447 (Dacos
1063 2415 1150 2442 etiam
1171 2416 1256 2442 Getas
1276 2416 1433 2447 nominari)
1453 2415 1503 2448 (Ex
1523 2415 1611 2442 orosii
1631 2416 1654 2440 7.
1685 2415 1724 2440 10.
1753 2414 1770 2439 4
1788 2413 1842 2440 fide
1862 2413 1914 2440 Dio
1934 2415 1975 2439 67.
1995 2415 2011 2439 6

102 2456 131 2480 et
150 2455 174 2486 7,
195 2454 229 2480 cf.
250 2455 291 2486 10,
312 2463 326 2481 e
346 2455 445 2483 Tacito
464 2456 574 2483 fluxisse
594 2456 738 2491 suspicor).

259 2496 281 2531 ¹)
301 2500 333 2525 A.
353 2500 459 2533 Egen,
479 2501 519 2527 De
537 2500 622 2528 Floro
642 2501 785 2532 historico,
804 2501 971 2529 elocutionis
990 2503 1122 2531 Taciteae
1141 2504 1293 2538 imitatore,
1315 2504 1481 2531 Monasterii
1503 2504 1578 2531 1882.
1592 2517 1626 2522 —
1638 2502 1659 2535 ²⁷)
1678 2503 1742 2530 Alia
1760 2504 1855 2529 autem
1875 2503 2011 2536 exempla.

103 2550 175 2576 quae
188 2543 311 2576 Egenius
324 2553 351 2578 p.
365 2544 382 2569 2
395 2546 423 2571 et
442 2543 458 2570 3
472 2553 505 2571 ex
524 2545 674 2572 annalibus
693 2546 807 2580 profert,
827 2555 882 2573 non
902 2555 916 2573 e
936 2547 1043 2580 Tacito,
1062 2548 1111 2574 sed
1130 2557 1144 2575 e
1164 2549 1244 2576 Livio
1266 2549 1376 2575 fluxisse
1398 2549 1536 2582 suspicor:
1556 2557 1618 2574 cum
1638 2557 1703 2574 ann.
1723 2548 1748 2579 3,
1767 2548 1816 2577 ‘273
1836 2547 1907 2573 Flor.
1927 2548 1951 2579 2,
1973 2548 2011 2577 12,

101 2587 134 2617 8;
156 2586 261 2613 13-18
281 2587 315 2613 cf.
335 2587 394 2614 Liv.
414 2588 483 2622 epit.
503 2589 552 2621 58;
572 2590 621 2620 59;
641 2590 691 2621 60;
711 2588 754 2616 70.
773 2590 808 2616 cf.
828 2599 893 2616 ann.
912 2589 936 2624 3,
956 2592 1004 2622 763
1025 2591 1097 2618 Flor.
1116 2593 1142 2625 4,
1161 2594 1186 2626 2,
1205 2593 1239 2619 89
1259 2593 1328 2626 (Liv.
1356 2592 1422 2626 epit.
1438 2593 1514 2624 115);
1534 2601 1598 2618 ann.
1612 2591 1635 2621 4,
1655 2593 1698 2622 72;
1718 2592 1791 2618 Flor.
1810 2593 1835 2623 4,
1857 2591 1896 2624 12,
1915 2591 1956 2617 22.
1979 2605 2008 2608 -—

99 2628 122 2663 ³)
141 2631 275 2665 Exempla
294 2634 390 2658 autem
410 2632 475 2659 hist.
495 2632 520 2665 2,
541 2634 590 2660 92:
611 2634 684 2660 Flor.
703 2635 729 2667 4,
747 2635 772 2666 2,
792 2635 809 2660 8
827 2635 923 2668 (Egen.
944 2645 971 2669 p.
983 2635 1011 2668 3)
1030 2644 1085 2662 non
1105 2638 1264 2670 comprobo.
