2234 2902
1168 216 1210 248 42

236 332 311 353 usus
335 322 506 363 perlegerit
529 326 560 352 et
584 322 624 352 ad
648 322 828 352 scribendas
853 332 900 352 res
924 323 1131 362 usurpaverit,
1155 333 1217 353 non
1244 327 1291 354 est
1308 322 1485 365 dubium.¹)
1532 323 1631 355 Locos
1648 325 1746 365 igitur
1762 336 1780 356 a
1797 325 1970 357 Schueckio
1987 330 2020 359 et
2037 327 2134 360 Koer-

236 376 340 417 tingio
365 377 425 406 iam
452 375 596 406 laudatos
619 376 770 416 exemplis
795 374 959 413 exscriptis
983 374 1189 415 comprobare
1212 376 1251 407 ab
1275 376 1332 407 hac
1356 376 1579 408 dissertatione
1604 387 1666 408 non
1690 378 1826 409 alienum
1851 390 1918 410 esse
1941 382 2071 421 putavi:

369 437 544 474 BoccatiUS,
569 438 606 468 de
630 437 722 468 claris
746 437 943 468 mulieribus:
1652 439 1780 471 Tacitus

283 490 475 532 Agrippina,
516 489 653 521 Neronis
691 493 808 521 mater:
864 500 968 520 verum
1009 499 1079 520 cum
1337 502 1410 522 ann.
1436 491 1486 528 12,
1516 492 1555 522 67
1586 492 1680 523 simul
1714 492 1815 524 soluta
1839 494 1927 524 alvus
1952 494 2134 526 subvenisse

236 544 358 575 vomitu
382 548 412 574 et
430 542 492 573 alvi
510 543 667 574 solutione
684 544 841 574 videretur
858 543 942 573 salus
958 541 1081 573 Claudii
1294 544 1467 576 videbatur.
1516 544 1617 584 igitur
1647 547 1797 577 exterrita
1830 546 2008 588 Agrippina
2024 573 2132 581 .....

238 600 397 633 secutura,
438 607 531 637 opere
569 595 792 637 Xenophontis
826 596 951 631 medici,
991 596 1080 626 illitis
1292 598 1449 638 provisam
1482 599 1545 628 iam
1578 598 1639 629 sibi
1662 598 1885 640 Xenophontis
1917 600 2029 631 medici
2059 612 2134 632 con-

235 661 356 681 veneuo
395 649 508 690 pennis
555 650 593 680 ad
640 651 793 681 vomitum
832 648 1079 680 continuandum
1179 683 1181 693 Ι
1293 650 1456 682 scientiam
1489 650 1629 682 adhibet.
1675 651 1734 682 Ille
1765 658 1926 694 tamquam
1951 653 2038 685 nisus
2061 665 2134 685 evo-

233 702 396 744 porrectis,
422 713 457 733 eo
482 704 561 734 itum
588 705 644 740 est,
669 714 730 744 quo
755 703 901 744 cupiebat
924 712 1013 734 uxor.
1295 705 1410 735 mentis
1434 705 1605 743 adiuvaret,
1630 706 1759 746 pinnam
1784 707 1893 746 rapido
1918 717 2039 738 veneno
2062 708 2133 738 inli-

1179 761 1181 784 3
1297 761 1361 787 tam
1387 757 1529 788 faucibus
1554 760 1620 789 eius
1644 758 1806 789 demisisse
1830 760 1974 791 creditur.

279 808 466 850 Epicharis:
503 808 639 839 solutam
672 808 793 849 pectori
825 808 971 845 fasciam,
1013 809 1079 839 arvi
1336 821 1409 842 ann.
1436 811 1485 845 15,
1520 811 1560 842 57
1587 812 1689 842 vinclo
1713 811 1849 853 Liasciae,
1886 824 1981 853 quam
2016 813 2134 854 pectori

235 862 340 899 sellae,
356 873 419 907 qua
437 861 617 898 vehebatur,
635 862 802 902 implicuit,
819 866 850 892 et
867 861 949 891 facto
967 861 1079 901 laqueo
1295 863 1484 901 detraxerat,
1509 865 1539 895 in
1566 864 1691 895 modum
1717 864 1825 906 laquei
1847 866 1885 896 ad
1909 876 2016 896 arcum
2041 866 2136 897 sellae

234 914 357 955 gutturi
373 916 480 946 iniecit
497 926 553 945 suo
570 918 601 945 et
624 924 694 945 cum
719 926 844 946 omnem
870 914 914 944 illi
939 915 1079 954 corporis
1295 917 1440 947 restricto
1465 917 1579 948 indidit
1602 918 1753 949 cervicem
1779 922 1810 950 et
1834 919 1973 960 corporis
1998 919 2134 960 pondere

235 968 407 999 dimisisset
430 968 554 1004 molem,
580 978 618 998 ne
639 969 828 1009 conspiratis
853 968 987 1004 obesset,
1011 968 1079 998 vio·
1294 970 1400 999 conisa
1424 972 1551 1000 tenuem
1576 971 1638 1001 iam
1662 971 1806 1011 spiritum
1832 973 1995 1012 expressit.

233 1021 354 1052 lentam
380 1021 440 1052 sibi
466 1026 599 1052 mortem
624 1022 787 1053 conscivit.

278 1074 429 1114 Pompeia
469 1073 619 1104 Paulina:
666 1075 813 1115 sepositis
858 1074 1078 1105 consolatoriis
1338 1086 1411 1106 ann.
1433 1076 1483 1112 15,
1507 1076 1549 1106 64
1572 1075 1682 1107 deinde
1707 1076 1814 1108 oblata
1831 1078 1955 1109 mitiore
1971 1089 2026 1119 spe
2043 1078 2133 1109 blan-

234 1128 292 1158 viri
317 1128 355 1158 ad
380 1128 478 1158 vitam
502 1127 675 1160 blanditiis.
1293 1127 1441 1158 dimentis
1466 1130 1548 1159 vitae
1573 1129 1713 1160 evictam.

279 1179 371 1211 ibid:
390 1190 496 1211 verum
513 1192 577 1211 non
595 1181 672 1211 adeo
686 1182 748 1212 cito
766 1182 894 1221 sanguis
909 1182 1079 1211 consistere
1178 1171 1180 1204 ἶ
1336 1180 1429 1212 ibid.:
1462 1181 1612 1212 laudabili
1636 1183 1668 1212 in
1692 1183 1839 1213 maritum
1865 1184 2016 1214 memoria
2033 1187 2065 1214 et
2081 1194 2133 1214 ore

233 1238 364 1265 coactus
388 1236 452 1269 est,
478 1234 553 1274 quin
578 1233 698 1274 pallore
721 1238 872 1274 perpetuo
896 1236 1078 1271 testaretur,
1291 1245 1326 1264 ac
1358 1233 1506 1265 membris
1538 1235 1569 1264 iu
1603 1246 1673 1265 eum
1705 1235 1852 1275 pallorem
1878 1236 2067 1273 albentibus,
2099 1241 2133 1267 ut

235 1286 347 1317 mulier
371 1287 492 1327 optima
515 1285 685 1326 plurimum
719 1286 825 1317 vitalis
849 1287 977 1327 spiritus
1001 1287 1078 1317 emi·
1179 1310 1180 1315 ,
1293 1287 1431 1318 ostentui
1450 1290 1532 1318 esset
1550 1289 1683 1318 multum
1701 1288 1807 1318 vitalis
1824 1289 1952 1329 spiritus
1980 1293 2132 1329 egestum.

232 1341 311 1371 sisse
335 1349 404 1370 cum
431 1340 509 1371 viro.

276 1392 424 1433 Poppaea
440 1391 575 1434 Sabina:
600 1395 631 1423 et
655 1401 725 1422 cum
747 1392 794 1423 illi
817 1393 878 1423 iam
904 1394 1079 1433 peperisset
1338 1403 1413 1424 ann.
1441 1395 1491 1430 15,
1518 1393 1558 1424 23
1590 1392 1739 1424 Memmio
1769 1393 1891 1433 Regulo
1922 1398 1953 1425 et
1984 1394 2132 1434 Verginio

232 1447 356 1477 unicam
393 1445 543 1476 Memmio
579 1445 701 1487 Regulo
738 1450 768 1476 et
803 1445 947 1486 Virginio
984 1446 1077 1477 Ruffo
1294 1445 1378 1478 Rufo
1397 1446 1578 1477 consulibus
1596 1450 1703 1477 natam
1728 1447 1786 1477 sibi
1810 1456 1849 1477 ex
1865 1446 2013 1488 Poppaea
2036 1447 2132 1478 filiam

232 1499 429 1536 consulibus,
466 1511 559 1540 quam
590 1509 712 1530 summo
738 1511 806 1530 cum
843 1500 958 1540 gaudio
994 1499 1078 1531 Nero
1291 1499 1375 1530 Nero
1400 1500 1481 1530 ultra
1506 1500 1638 1530 mortale
1669 1500 1816 1540 gaudium
1846 1501 1965 1540 accepit
1997 1499 2132 1542 appella-

233 1555 414 1594 susceperat
438 1564 570 1593 eamque
595 1553 773 1593 Augustam
790 1552 972 1593 Poppaeam
998 1565 1078 1584 nun·
1292 1554 1400 1593 vitque
1432 1553 1627 1592 Augustam,
1660 1553 1734 1583 dato
1766 1558 1796 1583 et
1830 1552 1993 1594 Poppaeae
2025 1553 2131 1584 eodem

230 1609 371 1646 euparat.
1179 1641 1180 1652 γ
1291 1609 1512 1647 cognomento.

279 1659 419 1690 Triaria:
455 1658 594 1696 <Triaria
624 1660 764 1690 accincta
788 1659 907 1700 gladio)
940 1660 1079 1690 irruebat
1337 1659 1411 1691 hist.
1437 1660 1466 1695 3,
1492 1659 1532 1690 77
1558 1659 1653 1695 fuere,
1678 1660 1730 1700 qui
1755 1670 1882 1690 uxorem
1907 1659 1995 1691 Lucii
2013 1659 2132 1691 Vitellii

231 1710 265 1742 in
291 1712 433 1748 miseros,
458 1712 551 1749 adeo,
576 1716 610 1742 ut
634 1712 803 1743 crudeliter
827 1713 959 1744 nimium
984 1717 1079 1754 atque
1179 1728 1180 1733 =
1293 1711 1447 1742 Triariam
1463 1712 1662 1748 incesserent,
1687 1716 1850 1753 tamquam
1874 1712 1982 1753 gladio
2005 1713 2133 1743 militari

232 1765 367 1805 superbe
391 1765 422 1795 in
448 1764 556 1795 hostes
581 1765 682 1805 egisse
706 1765 839 1796 relatum
865 1767 916 1797 sit.
1179 1789 1180 1793 ,
1298 1766 1401 1796 cincta
1446 1766 1530 1795 inter
1567 1765 1685 1796 luctum
1725 1765 1896 1806 caedesque
1934 1769 2133 1806 expugnatae

1179 1821 1182 1860 3
1295 1819 1484 1849 Tarracinae
1509 1818 1641 1859 superbe
1666 1829 1818 1859 saeveque
1842 1819 1967 1859 egisset.

395 1880 497 1910 Etiam
522 1881 554 1911 in
581 1882 807 1912 commentario
832 1881 870 1911 ad
896 1880 1012 1912 Dantei
1045 1882 1183 1913 divinam
1210 1882 1403 1913 comoediam
1430 1881 1490 1921 (ed.
1515 1880 1676 1920 Milanesi‚
1711 1880 1839 1911 Firenze
1867 1880 1963 1921 1863)
1988 1880 2131 1912 Tacitum

232 1932 280 1963 bis
304 1932 482 1963 adhibitum
508 1944 575 1964 esse
600 1933 804 1975 Koertingius
828 1934 985 1971 affirmat;
1017 1935 1056 1967 cf.
1083 1935 1174 1968 Bocc.
1199 1935 1374 1966 Comment.
1399 1934 1436 1965 ad
1462 1934 1558 1965 Dant.
1585 1934 1679 1971 1‚333
1706 1949 1742 1959 Ξ
1769 1945 1842 1965 ann.
1870 1934 1963 1970 15‚57
1995 1937 2027 1964 et
2057 1933 2130 1964 ibid.

231 1985 271 2016 ad
292 1988 318 2023 1,
336 1986 401 2017 400
420 2001 458 2011 =
476 1997 549 2017 ann.
570 1987 620 2024 15,
638 1988 690 2019 60.
737 1987 904 2018 Praeterea
921 1987 1084 2018 Boccatius
1101 1988 1133 2018 in
1152 1987 1346 2030 Genealogia
1360 1988 1497 2018 Deorum
1515 1988 1544 2024 3,
1562 1987 1761 2019 23'1'aeitum
1779 1990 1891 2017 testem
1909 1987 2067 2018 advocans
2083 1986 2132 2017 his

232 2038 336 2069 verbis
361 2039 399 2069 ad
424 2039 498 2070 hist.
523 2040 552 2077 2,
578 2040 597 2069 3
621 2044 762 2080 spectat:
790 2041 868 2071 »Est
884 2045 990 2071 autem
1008 2039 1130 2081 Cyprus
1147 2041 1251 2072 insula
1276 2042 1407 2081 vulgata
1423 2040 1549 2081 phama,
1574 2051 1627 2070 seu
1644 2040 1731 2070 caelo
1748 2043 1871 2080 agente.
1897 2049 1950 2070 seu
1969 2039 2030 2070 alio
2046 2040 2132 2070 inco-

233 2091 333 2121 larum
351 2092 438 2130 vitio,
463 2092 540 2122 adeo
565 2093 596 2123 in
614 2092 769 2123 Venerem
789 2104 897 2134 prona,
924 2099 957 2123 ut
981 2093 1164 2133 hospitium,
1190 2094 1318 2125 officina
1335 2094 1574 2134 fomentumque
1591 2093 1789 2123 lasciviarum
1814 2097 1908 2133 atque
1932 2092 2130 2133 voluptatum

234 2144 376 2175 omnium
402 2145 566 2178 habeatur.
613 2145 712 2182 Quam
737 2148 776 2176 ob
801 2157 926 2176 causam
953 2146 1082 2187 Paphiis
1107 2147 1339 2178 concedendum
1372 2151 1431 2183 est,
1461 2147 1564 2187 primo
1595 2146 1675 2186 apud
1709 2156 1761 2175 eos
1794 2156 1830 2175 ex
1863 2144 1953 2175 undis
1977 2144 2130 2175 Venerem

235 2197 407 2230 emersisse.
455 2197 572 2228 Verum
598 2198 656 2229 hoc
680 2200 785 2239 potius
816 2190 856 2229 ad
891 2199 1068 2235 historiam,
1104 2210 1197 2240 quam
1233 2200 1271 2230 ad
1308 2199 1403 2230 alium
1439 2209 1564 2230 sensum
1600 2199 1755 2239 pertinere
1790 2209 1827 2228 ex
1851 2197 1997 2228 Cornelio
2021 2197 2130 2228 Tacito

233 2251 314 2281 sumi
338 2253 455 2291 potest,
481 2252 534 2292 qui
559 2252 638 2282 velle
661 2253 793 2288 videtur,
824 2252 979 2283 Venerem
1004 2253 1142 2293 auspicio
1167 2253 1301 2289 doctam,
1334 2256 1455 2283 armata
1478 2263 1574 2282 manu
1598 2251 1814 2282 conscendisse
1837 2251 1971 2281 insulam
1997 2250 2130 2281 bellum-

232 2314 293 2344 que
318 2302 460 2343 Cynarae
486 2305 550 2344 regi
575 2304 719 2341 movisse,
744 2307 797 2346 qui
823 2306 950 2336 tandem
975 2306 1057 2336 hanc
1081 2306 1153 2336 iniit
1177 2306 1374 2336 concordiam
1399 2316 1468 2335 cum
1496 2304 1625 2340 Venere,
1658 2308 1692 2334 ut
1723 2304 1790 2344 ipse
1814 2315 1867 2334 rex
1891 2302 2007 2334 Veneri
2031 2306 2131 2344 temp-

233 2356 298 2387 lum
323 2361 530 2393 construeret,
567 2359 597 2388 in
635 2368 696 2398 quo
732 2359 833 2389 eidem
861 2357 973 2389 Veneri
999 2370 1086 2389 sacra
1109 2359 1336 2394 ministrarent,
1373 2359 1425 2399 qui
1459 2369 1496 2388 ex
1529 2357 1648 2388 familia
1671 2358 1757 2395 regia
1781 2359 1812 2386 et
1836 2366 1894 2386 sua
1918 2356 2129 2388 succederent.

233 2409 384 2441 Confecto
409 2415 513 2441 autem
539 2411 658 2451 templo
682 2412 747 2442 sola
771 2412 918 2442 animalia
943 2412 1107 2442 masculini
1131 2411 1256 2452 generis
1280 2413 1311 2441 in
1337 2411 1553 2442 holocaustum
1579 2409 1782 2450 parabantur,
1815 2409 1928 2439 altaria
1959 2418 2033 2439 vero
2058 2419 2128 2439 san-

392 2515 414 2539 ¹l
433 2518 609 2549 Schueck,
628 2517 744 2543 Jahrbb.
765 2518 782 2542 f.
804 2518 876 2543 Phil.
898 2518 955 2549 101,
975 2519 1040 2547 470;
1062 2517 1245 2549 Koerting.
1266 2516 1424 2542 Boccaccio.
1445 2526 1469 2549 p.
1489 2516 1549 2541 3¹³3.
