2197 2958
1057 281 1075 312 5

126 389 337 422 locutionibus
350 386 374 429 ¹)
392 388 542 418 commoti
560 398 616 428 pro
633 390 718 418 certo
735 387 893 418 affirmare
908 396 1001 427 posse
1025 386 1116 417 nobis
1133 387 1285 420 videmur.
1333 389 1392 420 Sed
1412 390 1490 420 satis
1516 399 1669 430 superque
1694 390 1926 421 demonstrasse
1952 390 2027 421 mihi

127 443 246 480 videor,
270 451 326 472 cur
350 439 552 471 Plutarchum
579 440 714 481 primum
740 439 842 470 Taciti
866 440 1060 470 imitatorem
1085 441 1116 470 et
1140 439 1365 472 aemulatorem
1391 441 1596 483 appellarem.

282 501 512 535 Suetonius
536 506 657 533 utnon
683 512 812 542 prorsus
837 502 952 532 eisdem
986 501 1099 542 quibus
1129 501 1292 533 annalium
1327 505 1463 545 scriptor
1495 503 1637 534 fontibus
1670 505 1700 535 in
1734 505 1828 536 rebus
1860 505 2028 536 narrandis

125 568 199 588 usus
223 554 314 595 est,2)
336 557 380 587 ita
404 555 504 586 multa
528 555 612 586 dicta
636 566 672 586 ex
697 555 864 587 annalibus
888 558 920 586 et
943 555 1110 596 praecipue
1140 566 1177 586 ex
1202 555 1344 587 historiis
1369 568 1466 598 nsque
1490 557 1527 587 ad
1554 557 1683 587 verbum
1713 556 1920 599 exscripsit‚³)
1950 568 2030 598 quae

128 621 317 652 quamquam
342 609 501 640 Krauseus
526 612 557 639 et
581 608 786 639 Lehmannus
810 609 916 639 omnia
940 608 1006 639 fere
1030 612 1300 645 ennmeravernnt,
1325 610 1425 640 nihilo
1450 610 1553 640 minus
1586 610 1649 640 alio
1683 610 1791 641 ordine
1822 611 2028 651 proponenda

124 674 191 694 esse
214 663 304 695 duxi:

457 741 627 773 Suetonius
1069 734 1071 786 l
1539 742 1668 774 Tacitus

168 795 239 828 Tib.
257 797 295 827 21
318 795 357 827 Et
381 796 489 826 statim
514 806 551 826 ex
575 796 688 826 itinere
712 797 874 826 revocatus
904 795 966 825 iam
1069 800 1071 821 i
1227 806 1300 827 ann.
1318 796 1344 833 1,
1372 796 1390 828 5
1407 807 1508 837 neque
1522 797 1597 827 satis
1615 800 1809 837 compertum
1829 800 1885 833 est.
1904 799 2027 838 spiran-

125 849 250 891 quidem
269 848 436 885 adfectum,
462 848 516 879 sed
537 851 643 879 tamen
668 848 840 889 spirantem
866 847 967 879 adhuc
1070 837 1071 881 l
1183 851 1247 878 tem
1273 848 1373 879 adhuc
1399 850 1578 890 Augustum
1604 850 1686 890 apud
1716 850 1823 881 urbem
1849 850 1962 881 Nolam
1989 862 2027 881 an

127 903 309 943 Augustum
334 902 484 943 repperit.
509 901 549 934 cf.
574 900 641 933 Cal.
668 901 718 932 12.
1070 888 1071 966 Ξ
1183 902 1359 932 exanimem
1385 902 1567 943 reppererit.
1593 902 1633 934 cf.
1657 902 1776 933 Justin.
1803 904 1852 939 ll,
1880 903 1928 937 15.
1954 905 1983 935 ἵ).

168 977 239 1010 Tib.
258 979 297 1009 22
316 977 462 1008 Tiberius
479 976 676 1008 renuntianti
692 977 831 1014 tribuno,
849 976 967 1007 factum
1217 988 1291 1008 ann.
1305 979 1330 1011 1,
1345 977 1364 1008 6
1379 978 1540 1008 nuntianti
1555 979 1743 1016 centurioni,
1757 981 1792 1009 ut
1806 989 1873 1009 mos
1888 979 2029 1014 militiae,

127 1041 203 1067 esse,
229 1031 311 1072 quod
335 1032 532 1071 imperasset,
557 1041 659 1070 neque
681 1029 853 1071 imperasse
881 1040 914 1060 se
939 1033 969 1060 et
1184 1029 1303 1060 factum
1322 1040 1399 1065 esse,
1426 1031 1508 1070 quod
1526 1032 1722 1072 imperasset,
1739 1041 1840 1072 neque
1857 1032 2028 1072 imperasse

125 1084 317 1115 redditurum
343 1094 413 1114 eum
440 1084 563 1114 senatui
587 1083 740 1114 rationein
766 1083 942 1124 respondit.
1183 1094 1250 1114 sese
1281 1086 1312 1114 et
1347 1084 1502 1114 rationem
1540 1084 1616 1114 facti
1653 1084 1842 1114 reddendam
1873 1084 1956 1125 apud
1982 1096 2028 1116 se-

168 1159 207 1191 cf.
233 1158 341 1191 Claud.
378 1159 429 1191 29.
479 1158 659 1199 (Claudius)
696 1159 728 1188 in
765 1159 904 1199 quinque
938 1162 969 1189 et
1184 1140 1293 1167 natum
1320 1137 1492 1176 respondit*

123 1213 257 1254 triginta
274 1214 435 1243 senatores
452 1214 673 1253 trecentosque
694 1212 830 1252 amplius
847 1212 969 1252 equites

124 1265 283 1297 Romanos
307 1268 398 1296 tanta
424 1265 580 1296 facilitate
604 1265 840 1303 animadvertit,
872 1270 906 1296 ut
932 1265 969 1296 de

126 1329 201 1350 nece
236 1319 410 1350 consularis
446 1319 504 1349 viri
539 1318 742 1349 renuntiante
785 1318 970 1349 centurione

126 1372 244 1403 factum
255 1382 333 1410 esse,
348 1371 434 1413 quod
447 1373 644 1412 imperasset,
657 1375 787 1412 negaret
800 1372 967 1413 quicquam

123 1436 156 1456 se
179 1426 363 1467 imperasse.

169 1500 241 1534 Tib.
272 1501 314 1533 24
342 1511 427 1531 nunc
456 1503 636 1541 precantem
667 1503 812 1532 senatum
842 1504 873 1531 et
900 1512 970 1542 pro·
1230 1511 1303 1532 ann.
1333 1503 1360 1533 l.
1388 1502 1423 1532 11
1446 1501 1634 1542 Tiberioque
1650 1502 1746 1532 etiam
1764 1503 1794 1532 in
1822 1502 1924 1539 rebus,
1951 1513 2028 1543 quas

127 1554 327 1586 cumbentem
342 1553 403 1585 sibi
416 1552 457 1584 ad
474 1565 577 1595 genua
593 1554 792 1595 ambiguis
809 1555 968 1595 responsis
1072 1555 1073 1576 l
1186 1564 1249 1584 non
1275 1554 1440 1590 occuleret,
1479 1566 1532 1585 seu
1570 1558 1681 1585 natura
1707 1554 1771 1585 sive
1807 1555 2027 1592 adsuetudine,

123 1609 155 1638 et
178 1607 291 1639 callida
314 1608 517 1638 cunctatione
541 1607 797 1648 suspendens.
1071 1597 1072 1600 Ἰ
1186 1617 1382 1647 suspensa
1418 1617 1541 1648 semper
1576 1611 1606 1638 et
1642 1609 1774 1638 obscura
1809 1608 1912 1644 verba,
1949 1613 2025 1638 tunc

1070 1604 1073 1716 f
1188 1670 1260 1691 vero
1285 1661 1410 1698 nitenti,
1441 1664 1475 1691 nt
1499 1672 1609 1692 sensus
1633 1672 1705 1692 suos
1728 1662 1854 1702 penitus
1880 1660 2020 1697 abderet,

1070 1719 1072 1763 Ι
1186 1714 1215 1744 in
1253 1714 1408 1745 incertum
1442 1717 1472 1745 et
1507 1715 1718 1755 ambiguum
1756 1716 1856 1755 magis
1882 1715 2024 1755 implica-

1069 1767 1073 1841 Ι
1186 1768 1312 1800 bantur.

122 1902 144 1937 1)
443 1905 508 1931 Tac.
529 1913 588 1939 cap.
608 1907 642 1931 37
1068 1924 1069 1933 ,
1514 1906 1579 1931 Sall.
1600 1906 1659 1934 Cat,
1681 1906 1696 1931 6

123 1948 228 1983 linguis
265 1949 445 1983 moribusque
483 1949 606 1976 dissonos
638 1950 666 1976 in
698 1950 771 1975 hunc
803 1958 965 1976 consensum
1068 1954 1069 1979 ξ
1183 1950 1211 1975 hi
1226 1952 1373 1984 postquam
1392 1949 1419 1975 in
1435 1958 1490 1975 una
1503 1949 1613 1975 moenia
1626 1958 1788 1976 convenere.
1802 1949 1906 1983 dispiri
1921 1958 2029 1981 genere.

121 1993 243 2027 potuisse
263 1994 425 2020 coalescere.
1068 1987 1069 2007 ³
1186 1994 1315 2020 dissimili
1335 1994 1442 2027 lingua,
1461 1994 1510 2020 alii
1530 1994 1585 2020 alio
1606 2003 1680 2020 more
1700 1994 1834 2026 viventes,
1863 1994 2027 2020 incredibile

1068 2070 1069 2073 Ἴ
1183 2040 1338 2065 memoratu
1359 2040 1408 2065 est.
1429 2047 1510 2072 quam
1532 2038 1614 2064 facile
1634 2039 1798 2065 coaluerint.

444 2091 509 2118 Tac,
529 2100 589 2125 cap,
610 2091 643 2117 38
1068 2104 1069 2111 ,
1514 2083 1580 2109 Sall.
1600 2083 1660 2109 Cat.
1679 2084 1694 2108 7

122 2136 202 2161 vetus
230 2143 262 2161 30
289 2135 344 2162 jam
376 2135 484 2169 pridem
513 2136 599 2162 insita
629 2136 796 2162 mortalibus
823 2136 967 2170 potentiae
1067 2114 1069 2165 l
1182 2127 1229 2153 secl
1249 2127 1349 2153 civitas
1364 2126 1529 2153 incredibile
1542 2129 1697 2153 memoratu
1712 2130 1760 2153 est⁴
1781 2127 1883 2160 adepta
1897 2126 2029 2152 libertate

125 2179 227 2213 cupido
247 2188 309 2206 cum
329 2180 440 2214 imperii
460 2180 656 2214 magnitudine
675 2181 800 2207 adolevit
810 2181 967 2215 erupitque.
1068 2187 1069 2215 j
1184 2174 1321 2204 quantum
1360 2171 1438 2197 bYeVi
1477 2171 1608 2197 ῧῖθῗθΐῆῖ
1658 2173 1738 2197 tanta
1781 2171 1886 2204 3]οῐῘῖῑῦ
1925 2170 2027 2204 cupido

1068 2219 1069 2259 l
1183 2215 1343 2242 incesserat.
1382 2215 1416 2242 cf.
1431 2223 1491 2249 cap.
1508 2216 1554 2241 10:
1575 2215 1662 2249 igitur
1676 2215 1764 2247 primo
1778 2214 1913 2248 pecuniae
1928 2214 2028 2240 deinde

1182 2260 1293 2293 imperii
1316 2260 1419 2294 cupido
1452 2259 1549 2292 crevit,
1576 2268 1608 2285 ea
1637 2259 1716 2292 qnasi
1745 2259 1874 2284 materies
1903 2258 2026 2284 omnium

1182 2305 1320 2331 malorum
1341 2305 1426 2330 fuere.

279 2345 301 2379 2)
323 2347 424 2374 Confer
443 2348 589 2375 Clason.
609 2348 722 2375 Tacitus
742 2349 799 2375 und
819 2349 932 2381 Sueten,
960 2349 1009 2382 qui
1029 2350 1180 2382 utrumque
1199 2349 1362 2382 scriptorem
1390 2357 1422 2375 ex
1442 2348 1544 2375 eisdem
1571 2348 1696 2374 fontibus
1725 2347 1847 2373 hausisse
1876 2346 2028 2373 rectissime

124 2392 218 2425 negat,
238 2399 300 2417 cum
314 2391 338 2417 R
352 2391 497 2425 aicham,
516 2393 556 2418 De
571 2392 692 2419 fontium
706 2393 826 2425 delectu,
845 2401 926 2426 quem
947 2393 975 2419 in
986 2393 1093 2419 Tiberii
1114 2393 1173 2419 vita
1186 2393 1365 2426 moribusque
1377 2393 1565 2419 describendis
1581 2392 1710 2418 Velleius.
1731 2391 1853 2417 Tacitus.
1873 2391 2029 2417 Suetonius.

125 2435 176 2462 Dio
196 2435 356 2462 habuerunt
375 2445 402 2469 p.
423 2435 465 2462 24.
485 2451 518 2455 —
538 2434 562 2470 ⁸)
583 2437 621 2463 Ex
644 2437 793 2463 annalibus
812 2438 940 2471 exempla
959 2438 1155 2464 contulerunt:
1186 2437 1336 2463 Krause.
1363 2437 1402 2463 De
1423 2437 1548 2463 Suetonii
1569 2437 1692 2462 fontibus
1713 2438 1739 2461 et
1760 2435 1930 2462 auctoritate
1950 2445 1976 2469 p.
1995 2436 2029 2461 4:

123 2479 287 2506 Reichau
307 2479 326 2505 l.
346 2480 378 2511 l.;
419 2480 514 2506 confer
532 2481 729 2513 Lehmann,
749 2481 883 2508 Claudius
902 2481 959 2508 nnd
978 2481 1054 2508 seine
1073 2481 1140 2509 Zeit.
1160 2491 1187 2516 p.
1206 2482 1249 2513 49,
1269 2482 1317 2515 qui
1337 2482 1438 2507 mirum
1459 2481 1486 2507 in
1507 2481 1618 2507 modum
1639 2480 1729 2506 Taciti
1750 2479 1879 2506 historias
1899 2479 2026 2506 Suetonii

123 2523 238 2553 fontem.
257 2531 351 2550 verum
372 2523 500 2550 Suetonii
525 2525 598 2551 vitas
618 2525 732 2553 Tiberii.
763 2525 884 2557 Claudii,
908 2526 1028 2552 Neronis
1046 2525 1139 2552 Taciti
1165 2526 1271 2552 fontem
1303 2525 1388 2551 fnisse
1414 2525 1574 2555 eontendit2
1606 2533 1638 2550 ex
1670 2524 1807 2550 historiis:
1840 2524 2030 2555 Lehmann,

122 2567 140 2593 l.
162 2567 180 2594 l.
200 2577 226 2602 p.
244 2568 295 2599 4ος
314 2568 424 2595 Cluso
437 2577 473 2601 n,
492 2568 627 2595 Plutarch
647 2569 705 2595 und
724 2569 838 2596 Tacitus
858 2579 885 2603 p.
904 2571 946 2597 70.

1067 2283 1069 2322 ἴ
