2234 2902
1042 256 1081 285 37

112 363 178 393 neri
203 362 383 392 coniectura
409 361 540 396 nitatur,
576 360 666 392 facile
689 361 865 402 intellegas,
898 361 1151 402 quandoquidem
1178 371 1239 391 non
1267 361 1359 391 modo
1389 361 1481 391 verba
1506 372 1568 391 non
1593 366 1785 403 congruunt,
1819 363 1872 394 sed
1897 374 1935 394 ne
1960 374 2008 395 res

112 414 241 456 quidem
276 415 368 456 plane
404 414 615 445 consentiunt.
664 413 746 445 Sane
777 414 902 454 quidem
939 417 970 445 et
1007 413 1167 445 Romanus
1210 416 1240 444 et
1275 413 1503 454 Anglo-Saxo
1536 415 1669 454 scriptor
1707 426 1823 446 morem
1856 418 2008 448 maiorum

111 470 294 498 nostrorum
319 467 473 498 adulteria
496 467 693 508 gravissimis
721 467 831 506 poenis
863 466 1021 498 afficiendi
1045 466 1182 504 rettulit,
1213 466 1266 497 sed
1292 465 1509 504 Bonifatium,
1540 468 1592 507 qui
1616 471 1681 498 tam
1706 468 1758 498 diu
1782 470 1813 500 in
1839 468 2007 500 Germania

111 521 205 558 vixit,
237 531 292 562 per
319 520 396 551 alios
421 529 545 561 qnoque
578 519 735 556 homines,
771 519 867 550 veluti
900 531 954 560 per
978 519 1118 551 Saxones
1147 520 1248 560 ipsos,
1281 519 1318 550 de
1355 528 1441 550 more
1473 519 1526 550 illo
1552 522 1583 551 et
1606 521 1754 552 instituto
1778 520 2004 553 Germanorum

112 574 276 605 certiorem
301 573 368 604 fieri
392 573 532 614 potuisse
556 574 607 604 vix
632 576 665 603 tu
690 573 807 603 infitias
831 573 900 605 ibis.

267 626 344 657 Inde
371 638 389 658 a
413 625 515 657 Caroli
548 626 672 657 demum
698 625 805 665 Magni
837 629 979 667 tempore
1010 625 1114 656 studia
1144 626 1296 657 librorum
1322 625 1529 656 Taciteorum
1562 626 1791 667 quodammodo
1822 627 2007 659 revirescere

111 682 293 722 coeperunt.
338 679 457 710 Verum
475 679 646 710 cavendnm
665 682 722 714 est.
747 690 786 710 ne
802 680 917 715 omnia,
942 689 1022 720 quae
1039 679 1120 720 apud
1139 679 1232 710 medii
1257 680 1324 710 aevi
1352 678 1522 710 monachos
1539 678 1641 709 Taciti
1665 679 1873 710 locutionibus
1891 680 2006 711 similia

110 733 323 769 inveniuntur,
347 743 384 763 ex
409 733 484 774 ipsis
509 733 575 764 eius
600 732 686 763 libris
710 733 849 763 derivata
872 742 939 763 esse
963 735 1119 773 putemus,
1156 742 1227 763 cum
1263 731 1363 762 multa
1401 732 1554 763 eiusmodi
1590 731 1686 763 etiam
1712 743 1748 763 ex
1773 733 1841 763 aliis
1866 733 2006 764 tontibus

106 784 233 816 fluxisse
256 786 368 827 negari
393 795 455 816 non
480 786 590 826 possit.

266 838 372 880 Atque
396 839 458 869 iam
483 837 727 875 Einhartus,
753 848 845 879 quem
870 838 972 869 Taciti
997 839 1092 870 libros
1117 839 1360 880 diligentissime
1387 837 1556 879 perlegisse
1580 837 1765 880 Manitius¹)
1789 839 2005 870 demonstrare

106 895 238 923 conatus
261 895 319 927 est,
343 891 533 933 primoribus
558 891 641 922 hunc
665 893 849 933 scriptorem
874 891 968 922 labris
993 893 1112 933 attigit.
1160 891 1305 932 Namque
1329 902 1393 922 non
1418 891 1510 922 modo
1534 891 1695 922 annalium
1721 891 1867 923 notitiam
1887 892 2005 922 nullam

106 945 222 986 prodit,
247 945 299 976 sed
324 955 361 975 ne
386 955 423 975 ex
447 944 527 975 libro
551 944 676 985 quidem
701 943 739 976 de
763 944 934 977 Germania
958 948 989 976 et
1012 956 1049 976 ex
1074 944 1214 976 historiis
1238 948 1302 975 tam
1329 945 1445 975 multas
1476 955 1523 975 res
1556 945 1705 975 memoria
1738 945 1878 980 tenebat.
1910 955 2003 985 quam

107 998 152 1029 vir
175 997 228 1029 ille
251 997 361 1029 doctus
384 998 528 1039 putabat.
574 997 696 1029 Tamen
721 1009 783 1030 non
809 999 967 1030 immerito
992 999 1049 1030 hos
1073 997 1201 1039 quidem
1227 998 1313 1029 locos
1338 997 1389 1028 ille
1413 998 1606 1038 composuit:

465 1051 594 1082 Tacitus
1496 1050 1668 1081 Einhartus

151 1103 255 1136 Germ.
284 1106 296 1134 1
318 1129 324 1136 .
343 1129 351 1137 .
369 1129 377 1137 .
395 1129 402 1137 .
429 1105 547 1135 montis
582 1105 734 1136 Abnobae
765 1105 839 1145 iugo
870 1105 949 1136 effu-

107 1166 159 1188 sus
161 1180 270 1191 .....
288 1156 418 1188 Rhenus
436 1183 442 1189 .
462 1183 469 1190 .
488 1183 494 1190 .
513 1183 520 1190 .
543 1160 630 1189 ortus
648 1182 655 1190 .
674 1182 682 1190 .
699 1183 707 1190 .
725 1184 731 1189 .
749 1157 948 1199 septemtrio-

113 1210 177 1241 nali
201 1220 316 1242 oceano
341 1211 499 1243 miscetur.

155 1315 263 1348 Germ.
313 1318 330 1346 2
367 1316 527 1347 celebrant
570 1317 758 1348 carminibus
800 1318 949 1358 antiquis,

111 1369 193 1410 quod
217 1381 313 1400 unum
339 1370 421 1410 apud
446 1369 517 1401 illos
541 1371 710 1401 memoriae
733 1373 764 1401 et
787 1371 947 1414 annalium

1206 1103 1282 1134 Vita
1306 1103 1411 1134 Caroli
1438 1103 1547 1144 Magni
1584 1105 1623 1134 15
1663 1106 1829 1144 totumque
1854 1103 2005 1143 Pyrenaei

1162 1159 1271 1197 iugum
1308 1160 1340 1187 et
1378 1167 1476 1197 usque
1512 1157 1549 1187 ad
1586 1156 1738 1187 Hiberum
1775 1167 1916 1193 amnem,
1952 1157 2005 1196 qui

1162 1210 1244 1251 apud
1282 1209 1442 1241 Navarros
1489 1213 1678 1242 ortus....
1728 1209 1889 1241 Balearico
1928 1211 2005 1240 mari

1163 1264 1321 1294 miscetur.

1207 1316 1281 1348 Vita
1321 1316 1425 1348 Caroli
1460 1317 1501 1347 29
1538 1317 1670 1348 barbara
1706 1321 1736 1348 et
1783 1317 2003 1357 antiquissima

1161 1371 1310 1406 earmina,
1335 1369 1449 1410 quibus
1474 1372 1614 1401 veterum
1639 1380 1747 1410 regum
1772 1372 1858 1400 actus
1876 1373 1906 1400 et
1923 1370 2005 1400 bella

107 1433 207 1464 genus
231 1425 289 1455 est.
1161 1422 1367 1455 canebantur.

156 1476 261 1508 Germ.
287 1477 327 1509 22
361 1476 443 1507 diem
476 1478 664 1517 noctemque
687 1477 871 1508 continuare
895 1487 950 1518 po·
1206 1475 1385 1507 Translatio
1411 1475 1443 1508 S.
1469 1475 1500 1508 S.
1525 1476 1611 1507 Petri
1647 1480 1677 1507 et
1714 1476 1890 1507 Marcellini
1926 1478 1967 1509 65>
1978 1475 2003 1515 ²)

107 1530 215 1562 tando.
1162 1533 1225 1560 tres
1249 1529 1447 1570 totidemque
1474 1533 1580 1560 noctes
1605 1529 1722 1560 orando
1748 1530 1943 1560 continuare.

1205 1582 1281 1614 Vita
1307 1581 1346 1614 19
1373 1592 1412 1613 ne
1438 1593 1493 1623 per
1517 1583 1615 1613 otium
1640 1586 1810 1623 torperent.

1207 1636 1281 1668 Vita
1305 1637 1323 1667 8
1364 1647 1419 1667 nec
1456 1637 1487 1667 in
1520 1637 1679 1677 prosperis
1714 1635 1793 1667 falso
1829 1636 2005 1666 blandienti

1162 1691 1319 1721 fortunae.

266 1741 475 1773 Rudolfus
498 1752 571 1773 vero
597 1741 761 1774 Fuldensis
785 1742 945 1783 Visurgim
970 1744 1101 1776 fluvium
1126 1755 1162 1775 ex
1187 1743 1348 1774 annalium
1382 1742 1453 1773 libri
1485 1742 1611 1773 secundi
1647 1742 1763 1772 notitia
1786 1741 1873 1772 Mon.
1899 1739 2004 1777 Germ,

107 1793 236 1836 Scriptt.
264 1796 292 1832 1,
319 1795 382 1827 368
408 1795 462 1837 (cf.
480 1795 555 1828 Tac.
579 1805 654 1827 ann.
679 1797 709 1833 2,
734 1797 771 1834 9;
798 1798 855 1834 11;
882 1797 937 1834 16;
965 1798 1015 1837 17)
1041 1798 1084 1828 sic
1108 1794 1261 1835 laudatz3)
1290 1796 1411 1836 »Igitur
1435 1796 1467 1826 in
1491 1795 1570 1833 loco,
1595 1795 1648 1836 qui
1672 1794 1849 1835 appellatur
1873 1793 2005 1824 Mimida

110 1858 204 1889 super
227 1859 361 1886 amnem,
387 1859 479 1890 quem
505 1847 669 1880 Cornelius
693 1848 830 1888 Tacitus,
861 1852 995 1891 scriptor
1017 1861 1119 1882 rerum
1145 1861 1162 1880 a
1187 1849 1339 1881 Romanis
1372 1850 1404 1880 in
1435 1859 1470 1879 ea
1501 1850 1596 1890 gente
1626 1850 1798 1889 gestarum,
1830 1846 2002 1887 Visurgim,

106 1901 251 1933 moderni
285 1912 357 1932 vero
383 1901 550 1933 Wisahara
584 1904 728 1934 vocant«
776 1902 942 1934 Praeterea
976 1904 1007 1934 in
1042 1902 1261 1934 Translatione
1296 1902 1327 1934 S.
1365 1902 1536 1933 Alexandri
1561 1901 1660 1941 (Mon.
1692 1900 1798 1932 Germ.
1823 1899 1950 1940 scripte.
1975 1900 2004 1936 2,

113 1955 177 1987 675
201 1954 265 1996 sq.)
289 1955 367 1986 haec
391 1954 444 1986 ille
468 1966 504 1986 ex
530 1955 632 1986 Taciti
656 1955 746 1987 libris
781 1956 977 1998 expilavit:4)
1013 1956 1167 1995 „Generis
1202 1965 1327 1997 quoque
1362 1966 1398 1986 ac
1433 1955 1610 1986 nobilitatis
1645 1964 1718 1985 suae
1752 1953 2002 1995 providissimam

108 2018 218 2040 curam
241 2008 406 2045 habentes.
432 2019 490 2040 nec
514 2009 604 2040 facile
628 2009 701 2040 ullis
725 2009 855 2040 aliarum
885 2010 1027 2051 gentium
1061 2010 1109 2041 vel
1143 2009 1203 2040 sibi
1235 2008 1414 2040 inferiorem
1449 2008 1615 2039 connubiis
1645 2008 1754 2039 infecti
1784 2006 1941 2047 propriam
1974 2009 2005 2036 et

109 2063 262 2093 sinceram
286 2065 317 2093 et
340 2064 466 2093 tantum
491 2061 539 2092 sui
563 2062 697 2093 similem
721 2065 848 2103 gentem
873 2063 973 2094 facere
997 2064 1101 2095 conati
1126 2065 1210 2094 sunt.
1258 2061 1348 2092 Unde
1375 2061 1502 2092 habitus
1526 2071 1650 2102 quoque
1674 2071 1708 2091 ac
1733 2059 1917 2100 magnitudo
1933 2069 2002 2089 cor·

152 1583 227 1616 hist.
254 1584 282 1621 1,
309 1584 347 1613 71
374 1583 496 1614 desidia
518 1585 706 1624 torpescere.

153 1636 227 1668 hist.
252 1637 283 1674 2,
309 1637 349 1667 12
374 1635 595 1667 blandiebatur
618 1637 736 1677 coeptis
760 1636 897 1670 fortuna.

107 2125 218 2156 porum
236 2124 460 2155 comarumque
476 2115 571 2152 color,
596 2119 759 2156 tamquam
783 2116 814 2146 in
839 2118 929 2147 tanto
945 2116 1107 2148 hominum
1126 2126 1266 2152 numero,
1292 2115 1373 2145 idem
1390 2125 1490 2155 paene
1507 2114 1651 2145 omnibus
1662 2112 1686 2152 ⁵)
1707 2136 1842 2145 ......
1866 2111 2005 2153 Legibus

107 2168 204 2199 etiam
218 2168 256 2199 ad
271 2168 442 2199 vindictam
455 2168 694 2199 malefactorum
711 2169 839 2210 optimis
856 2169 1035 2200 utebantur.
1059 2168 1101 2200 Et
1118 2169 1217 2199 multa
1234 2168 1324 2199 utilia
1341 2168 1510 2198 secundum
1531 2167 1635 2208 legem
1659 2169 1791 2197 naturae
1814 2164 1947 2196 honesta
1971 2165 2003 2195 in

110 2232 231 2253 morum
249 2221 408 2262 probitate
425 2221 539 2253 habere
555 2222 753 2259 studuerunt,
771 2233 851 2263 quae
867 2222 910 2253 eis
934 2222 973 2253 ad
997 2233 1102 2253 veram
1126 2221 1355 2252 beatitudinem
1378 2220 1624 2262 promovendam
1640 2219 1790 2260 proficere
1814 2218 2003 2258 potuissent,

108 2274 135 2305 si
159 2275 375 2316 ignorantiam
407 2276 558 2306 creatoris
589 2276 636 2306 sui
672 2286 734 2306 non
766 2274 918 2307 haberent
941 2278 972 2306 et
995 2286 1012 2306 a
1036 2276 1169 2306 veritate
1192 2274 1334 2305 culturae
1357 2273 1442 2304 illius
1467 2284 1530 2304 non
1554 2276 1659 2304 essent
1682 2271 1785 2302 alieni.
1833 2268 2003 2301 Coluerunt

267 2352 287 2387 ι)
308 2354 506 2387 Manitius,
535 2354 665 2381 Einharts
686 2355 788 2381 Werke
815 2354 869 2380 und
898 2354 941 2380 ihr
960 2354 1023 2386 Stil,
1052 2354 1142 2380 Neues
1163 2353 1267 2380 Archiv
1295 2353 1340 2379 fur
1362 2352 1448 2379 altere
1477 2352 1608 2378 deutsche
1629 2349 1887 2377 Geschichtskunde
1908 2350 1931 2376 7.
1951 2348 2000 2375 52?

113 2415 168 2440 sq.;
190 2408 225 2434 cf.
244 2407 312 2434 ibid.
333 2406 408 2435 1885.
428 2417 455 2442 p.
475 2408 516 2434 67.
538 2421 568 2426 —
589 2405 612 2439 2)
632 2407 680 2434 Ed.
700 2407 731 2434 G.
751 2407 950 2439 Henschen,
971 2408 1042 2433 Acta
1061 2406 1087 2432 S.
1108 2406 1133 2432 S.
1154 2407 1219 2433 Jun.
1240 2405 1263 2438 1,
1284 2405 1447 2432 181-206.
1467 2418 1499 2423 -—
1519 2403 1543 2437 ³)
1564 2404 1698 2430 Ritter.
1719 2413 1744 2436 p.
1766 2402 1889 2428 XXXVI.
1909 2411 1948 2434 sq.
1971 2418 2002 2422 -

109 2448 133 2484 4)
153 2451 289 2484 futter.
320 2453 388 2479 tom.
408 2452 455 2478 IV.
476 2461 502 2486 p.
522 2452 568 2479 VI.
589 2452 628 2478 De
647 2452 840 2478 Translatione
860 2451 886 2477 S.
906 2451 1055 2477 Alexandri
1084 2453 1229 2485 praeterea
1248 2449 1410 2476 conferendi
1430 2451 1495 2475 sunt
1515 2449 1542 2474 hi
1564 2448 1642 2473 libri:
1675 2447 1826 2473 Wetzel,
1847 2446 1937 2473 Ueber
1957 2445 2001 2471 die

110 2495 268 2522 Translatio
288 2497 313 2522 S.
334 2496 495 2528 Alexandri,
514 2496 577 2523 Kiel
599 2496 674 2528 1881,
695 2495 950 2527 Wattenbach,
970 2495 1061 2522 Neues
1082 2495 1185 2522 Archiv
1204 2496 1228 2527 7,
1247 2495 1299 2520 228
1313 2502 1361 2526 sq,
1383 2493 1512 2519 Waitz.
1532 2492 1680 2525 Gottinger
1700 2491 1840 2525 gelehrter
1861 2490 2003 2523 Anzeiger.

110 2549 136 2573 p.
156 2540 207 2566 705
226 2548 286 2573 sqq.
307 2555 338 2558 —
357 2539 381 2573 ⁵)
401 2540 440 2567 Cf.
461 2540 550 2566 Germ.
570 2542 594 2566 4.
