2234 2902
1080 332 1175 365 Otho.

336 389 470 421 Aemula
492 389 614 430 polluto
638 389 784 425 gesturus
810 389 935 427 sceptra
958 384 1086 422 Neroni,
1112 384 1264 416 Obruitur
1288 384 1379 415 celeri
1403 388 1513 426 raptus
1537 385 1622 417 Otho
1651 386 1757 417 exitio.

338 442 415 473 Fine
438 444 544 473 tamen
569 440 743 472 laudandus
770 440 837 476 erit,
862 439 916 480 qui
942 441 1042 469 morte
1067 438 1177 469 decora
1202 437 1268 468 Hoc
1293 437 1392 468 solum
1418 438 1494 469 fecit
1518 438 1635 476 nobile,
1661 439 1744 480 quod
1771 439 1873 479 periit.

337 495 411 528 Tac.
435 495 509 527 hist.
533 495 562 528 2,
587 493 627 524 47
652 493 705 523 alii
729 492 846 523 diutius
870 490 1036 532 imperium
1061 491 1228 526 tenuerint,
1255 500 1346 521 nemo
1370 492 1434 521 tam
1459 490 1587 522 fortiter
1610 491 1789 531 reliquerit;
1815 490 1855 523 cf.
1880 490 1953 522 hist.
1979 490 2008 527 2,
2033 490 2075 521 50

179 548 300 579 duobus
325 547 526 583 facinoribus,
551 547 649 577 altero
674 545 932 586 flagitiosissimo,
957 543 1055 574 altero
1081 545 1216 584 egregio,
1241 543 1429 574 tantundem
1446 544 1528 584 apud
1549 546 1693 584 posteros
1710 545 1828 575 meruit
1845 544 1945 574 bonae
1963 543 2076 580 famae,

179 605 333 641 quantum
359 600 469 630 malae.

1053 640 1209 672 Vitellius.

340 697 433 728 Vitae
457 700 491 728 ut
515 707 581 727 sors
607 706 689 726 mors
712 695 802 725 foeda
826 694 894 731 tibi,
919 704 975 724 nec
999 694 1102 735 digne,
1127 692 1248 729 Vitelli,
1272 692 1329 729 Qui
1355 693 1444 724 fieres
1469 691 1602 724 Caesar:
1636 694 1679 724 sie
1702 693 1761 723 tibi
1786 693 1851 724 iata
1874 693 2009 733 placent.

340 749 458 781 Umbra
482 755 587 780 tamen
613 749 715 779 brevis
739 746 871 788 imperii,
896 746 970 787 quia
993 747 1136 787 praemia
1159 746 1249 787 regni
1273 745 1373 786 Saepe
1396 746 1545 787 indignus
1569 746 1645 781 adit,
1669 756 1732 776 non
1758 746 1818 776 nisi
1842 745 1955 785 dignus
1971 745 2078 775 habet.

341 803 415 833 Tac.
440 803 514 833 hist.
538 803 567 838 3,
592 802 634 832 84
665 802 787 831 vinctae
822 810 904 841 pone
928 802 1053 840 tergum
1078 810 1206 835 mauus;
1231 799 1350 830 laniata
1375 801 1469 836 veste,
1494 799 1620 830 foedum
1644 799 1870 839 spectaculum,
1894 798 2077 834 ducebatur,

181 855 289 886 multis
313 856 558 896 increpantibus,
585 855 668 885 nullo
694 854 920 885 illacrimante:
945 852 1130 884 deformitas
1155 853 1255 883 exitus
1281 852 1526 883 misericordiam
1555 852 1738 883 abstulerat.

358 906 362 910 ⁵
1020 905 1243 945 Vespasianus,

341 960 516 997 Quaerendi
540 964 690 997 attentus,
716 959 878 991 moderato
902 959 1084 990 commodus
1108 969 1176 995 usu,
1202 958 1307 998 Auget
1331 968 1387 988 nee
1411 959 1553 998 reprimit
1577 957 1798 998 Vespasianus
1822 967 1906 997 opes.

340 1014 423 1045 Olim
447 1015 500 1055 qui
524 1014 649 1044 dubiam
674 1014 796 1054 privato
820 1014 851 1043 in
877 1016 1018 1052 tempore
1042 1011 1169 1047 famam,
1195 1010 1309 1041 Parum
1333 1011 1412 1048 aliis,
1438 1011 1582 1051 princeps
1607 1011 1771 1041 transtulit
1794 1010 1827 1040 in
1852 1008 1972 1040 melius.

343 1067 417 1099 Tae.
443 1067 516 1099 hist.
546 1068 570 1103 1,
596 1067 637 1097 50
661 1069 691 1097 et
722 1066 869 1105 ambigua
892 1065 929 1095 de
956 1064 1148 1105 Vespasiano
1173 1064 1266 1101 fama,
1301 1063 1448 1104 solusque
1483 1063 1622 1094 omnium
1659 1066 1731 1094 ante
1767 1074 1799 1094 se
1834 1063 2012 1104 principum
2046 1063 2080 1092 in

183 1120 294 1150 melius
320 1123 459 1150 mutatus
483 1123 540 1152 est.

344 1172 459 1203 Verum
486 1173 579 1203 etiam
611 1173 643 1202 in
668 1171 819 1213 Caligula,
852 1170 988 1207 Nerone,
1020 1170 1094 1201 Tito
1129 1170 1340 1200 describendis
1371 1171 1544 1200 Ausonium
1570 1170 1715 1200 Tacitum
1750 1169 1924 1211 inspexisse
1959 1179 1997 1200 ex
2033 1169 2082 1200 his

183 1226 258 1256 locis
283 1226 453 1257 admodum
477 1226 638 1266 probabile
663 1225 716 1256 fit:

1059 1266 1208 1306 Caligula.

344 1323 420 1353 Post
448 1323 531 1353 hune
556 1323 721 1353 castrensis
746 1322 864 1362 caligae
887 1321 1075 1361 cognomine
1099 1319 1212 1350 Caesar
1236 1319 1392 1351 Successit
1417 1331 1509 1351 saevo
1535 1321 1661 1351 saevior
1684 1321 1833 1361 ingenio:

341 1375 496 1407 Caedibus
519 1375 709 1416 incestisque
732 1375 845 1406 dehinc
869 1373 1045 1405 maculosus
1069 1377 1100 1404 et
1123 1374 1208 1404 omui
1233 1372 1371 1403 Crimine
1395 1373 1549 1413 pollutum
1575 1374 1629 1414 qui
1653 1373 1817 1414 superavit
1841 1384 1944 1405 avum.

342 1428 458 1460 Confer
482 1428 541 1460 Dio
572 1429 624 1464 59,
657 1429 676 1458 5
707 1427 793 1459 οὕτω
824 1427 888 1467 γὰρ
918 1427 974 1457 καὶ
1005 1426 1081 1465 πρὸς
1113 1424 1216 1457 πάντα
1251 1428 1400 1460 ἐναντίως
1428 1423 1588 1467 ἐπεφύκει,
1620 1422 1701 1456 (ὅστε
1737 1424 1792 1463 τὴν
1826 1427 1881 1461 μὲν
1904 1424 2070 1464 ἀσέλγειαν

181 1481 285 1512 αὐτοῦ
309 1481 372 1523 (ἐφ’
398 1480 506 1522 οἷσπερ
531 1484 586 1512 καὶ
609 1482 774 1521 διέβαλλεν
798 1478 911 1519 αὑτὸν)
937 1479 976 1510 ού
999 1478 1095 1517 μόνον
1119 1477 1283 1517 ἐζήλωσεν,
1309 1480 1390 1509 (ἀλλα
1413 1480 1466 1509 καὶ
1494 1479 1699 1518 ὑπερέβαλεν.

1091 1531 1184 1563 Nero.

343 1588 526 1619 Aeneadum
551 1588 674 1629 generis
699 1588 751 1628 qui
777 1590 883 1618 sextus
907 1588 940 1617 et
962 1586 1093 1616 ultimus
1118 1585 1217 1622 heres,
1245 1584 1370 1621 Polluit,
1395 1588 1427 1616 et
1451 1585 1564 1616 clausit
1588 1584 1673 1616 Julia
1698 1595 1784 1616 sacra
1807 1584 1903 1617 Nero.

344 1640 481 1671 Nomina
497 1643 574 1681 quot
590 1641 700 1681 pietas,
725 1642 774 1670 tot
790 1640 885 1670 habet
903 1650 1027 1680 quoque
1043 1639 1176 1669 crimina
1194 1640 1285 1675 vitae,
1312 1638 1405 1669 Disce
1422 1649 1458 1669 ex
1476 1637 1673 1679 Tranquillo,
1691 1648 1771 1679 quae
1788 1638 1969 1668 meminisse
1985 1639 2084 1680 piget.

342 1694 458 1725 Confer
482 1693 543 1725 Dio
568 1694 618 1730 63,
642 1694 694 1730 29,
719 1694 737 1723 3
764 1693 902 1730 ἔσχατος
926 1693 989 1723 τῶν
1013 1691 1074 1722 ἀπὸ
1100 1692 1158 1722 τοῦ
1185 1691 1316 1721 Αἰνείου
1340 1693 1391 1721 καὶ
1418 1689 1481 1721 ιὶῑτο
1506 1692 1565 1722 τοῦ
1595 1689 1792 1729 ΑΙιὲῑόίσιὌυ
1814 1690 1999 1730 γεγονότων,

1088 1743 1189 1776 Titus.

345 1799 432 1830 Felix
456 1800 597 1841 imperio,
622 1798 696 1830 felix
721 1801 877 1830 brevitate
901 1798 1039 1839 regendi,
1065 1797 1184 1838 Expers
1209 1798 1308 1828 civilis
1333 1798 1505 1837 sanguinis,
1530 1798 1613 1828 orbis
1640 1808 1736 1834 amor,

344 1852 450 1883 Unum
473 1852 580 1883 dixisti
605 1854 741 1883 moriens
766 1855 797 1883 te
821 1853 938 1883 crimen
964 1851 1097 1882 habere:
1123 1850 1182 1880 Sed
1208 1850 1284 1881 nulli
1310 1850 1348 1881 de
1373 1855 1412 1888 te,
1438 1861 1501 1881 non
1525 1851 1583 1880 tibi
1607 1850 1807 1882 credidimus.

345 1905 461 1937 Confer
484 1905 573 1937 Oros.
597 1905 627 1941 7,
652 1907 680 1939 9,
708 1906 746 1937 13
771 1907 857 1936 cuius
881 1907 973 1936 tanta
997 1904 1210 1945 tranquillitas
1234 1904 1265 1933 iu
1292 1904 1422 1944 imperio
1447 1903 1517 1940 fuit,
1541 1908 1576 1933 ut
1603 1903 1720 1933 nullius
1747 1903 1876 1934 omnino
1894 1903 2082 1943 sanguinem

186 1959 218 1989 in
242 1958 403 1999 republica
426 1959 676 1990 administranda
699 1959 817 1990 fudisse
842 1957 1006 1990 referatur.

345 2011 464 2047 Quibus
487 2013 588 2043 causis
613 2015 790 2042 commotus
814 2012 911 2042 etiam
935 2011 996 2041 duo
1020 2010 1154 2041 disticha
1179 2009 1361 2040 Domitiano
1393 2009 1497 2040 dedita
1522 2009 1623 2039 Taciti
1655 2008 1791 2049 aliquam
1818 2009 1964 2039 notitiam
1988 2008 2080 2039 nobis

188 2066 334 2105 praebere
358 2066 516 2106 suspicor:

1034 2106 1242 2138 Domitianus.

348 2162 508 2193 Hactenus
532 2161 672 2193 edideras
697 2162 859 2199 dominos„
876 2172 954 2201 gens
978 2160 1098 2198 Flavia,
1123 2161 1232 2195 iustos,
1257 2159 1320 2190 Cur
1344 2159 1405 2190 duo
1429 2169 1509 2200 quae
1533 2159 1692 2195 dederant,
1716 2159 1828 2189 tertius
1852 2158 1992 2199 eripuit?

347 2213 408 2245 Vix
432 2216 513 2245 tanti
530 2217 577 2245 est
594 2213 740 2245 habuisse
758 2214 846 2245 illos:
871 2215 945 2254 quia
969 2214 1052 2244 dona
1076 2215 1229 2245 bonorum
1255 2212 1335 2243 Sunt
1352 2213 1475 2248 brevia;
1500 2216 1674 2249 aeternum,
1698 2222 1777 2252 quae
1796 2221 1937 2248 nocuere,
1962 2211 2079 2242 dolent.

344 2268 545 2298 Paulinus
584 2271 689 2298 autem
713 2257 958 2308 Nolanusl),
1001 2267 1132 2298 Ausonii
1172 2266 1360 2306 discipulus,
1403 2265 1534 2306 Sulpicii
1567 2265 1703 2301 amicus,
1745 2274 1808 2294 non
1849 2265 2080 2303 incompertum

188 2320 335 2351 habuisse
360 2320 481 2351 videtur
504 2320 663 2360 dialogum
688 2320 724 2350 de
741 2320 929 2357 oratoribus,
954 2331 991 2351 ex
1015 2330 1078 2361 quo
1101 2318 1188 2360 (dial.
1205 2317 1239 2357 8)
1264 2320 1295 2349 in
1319 2318 1454 2359 epistula
1478 2318 1506 2355 5,
1532 2320 1550 2349 5
1576 2317 1622 2348 ed.
1640 2315 1748 2358 Migne
1774 2317 1964 2347 locutionem
1989 2316 2082 2347 »sub-

187 2374 307 2404 stantia
332 2373 536 2403 facultatum«
564 2373 744 2413 usurpavit:
787 2373 864 2410 »Tu,
901 2374 998 2404 frater
1021 2372 1232 2409 dilectissime,
1268 2372 1306 2402 ad
1342 2372 1502 2402 domiuum
1538 2370 1686 2415 miraculo
1712 2371 1829 2400 maiore
1852 2378 2018 2400 conversus
2044 2379 2086 2406 es,

187 2426 260 2465 quia
283 2428 387 2456 aetate
410 2426 584 2460 florentior,
609 2426 755 2456 oneribus
780 2426 963 2466 patrimonii
987 2425 1093 2462 levior,
1119 2425 1299 2455 substantia
1323 2423 1510 2455 facultatum
1536 2434 1598 2454 non
1618 2423 1763 2464 egentior
1777 2446 1871 2454 .....
1886 2445 1893 2458 ,
1917 2422 2083 2462 repentino

186 2479 307 2518 impetu
330 2477 503 2509 discussisti
528 2478 638 2509 servile
662 2479 780 2518 peceati
806 2478 944 2519 iugum«

348 2557 367 2588 ¹)
389 2558 478 2583 llitter
499 2568 524 2590 μ.
547 2558 670 2583 xxxw.
