<?xml version="1.0" encoding="UTF-8"?>
<!DOCTYPE html PUBLIC "-//W3C//DTD XHTML 1.0 Transitional//EN"
    "http://www.w3.org/TR/xhtml1/DTD/xhtml1-transitional.dtd">
<html xmlns="http://www.w3.org/1999/xhtml" xml:lang="en" lang="en">
 <head>
  <title>
</title>
<meta http-equiv="Content-Type" content="text/html;charset=utf-8" />
  <meta name='ocr-system' content='tesseract 3.04.00' />
  <meta name='ocr-capabilities' content='ocr_page ocr_carea ocr_par ocr_line ocrx_word'/>
</head>
<body>
  <div class='ocr_page' id='page_1' title='image "./quomodotacitushi00cornuoft_0020.png"; bbox 0 0 2234 2902; ppageno 0'>
   <div class='ocr_carea' id='block_1_1' title="bbox 1103 224 1142 256">
    <p class='ocr_par' dir='ltr' id='par_1_1' title="bbox 1103 224 1142 256">
     <span class='ocr_line' id='line_1_1' title="bbox 1103 224 1142 256; baseline 0.051 -2"><span class='ocrx_word' id='word_1_1' title='bbox 1103 224 1142 256; x_wconf 88' lang='lat'>18</span> 
     </span>
    </p>
   </div>
   <div class='ocr_carea' id='block_1_2' title="bbox 1013 269 1221 272">
    <p class='ocr_par' dir='ltr' id='par_1_2' title="bbox 1013 269 1221 272">
     <span class='ocr_line' id='line_1_2' title="bbox 1013 269 1221 272; baseline 0 0"><span class='ocrx_word' id='word_1_2' title='bbox 1013 269 1221 272; x_wconf 95' lang='lat' dir='ltr'> </span> 
     </span>
    </p>
   </div>
   <div class='ocr_carea' id='block_1_3' title="bbox 165 327 2070 903">
    <p class='ocr_par' dir='ltr' id='par_1_3' title="bbox 167 327 2070 793">
     <span class='ocr_line' id='line_1_3' title="bbox 170 327 2070 372; baseline 0.004 -14"><span class='ocrx_word' id='word_1_3' title='bbox 170 338 242 358; x_wconf 85' lang='lat' dir='ltr'>vero</span> <span class='ocrx_word' id='word_1_4' title='bbox 268 327 557 365; x_wconf 83' lang='lat' dir='ltr'>Marcellinus,</span> <span class='ocrx_word' id='word_1_5' title='bbox 582 328 636 369; x_wconf 91' lang='lat' dir='ltr'>qui</span> <span class='ocrx_word' id='word_1_6' title='bbox 659 329 802 359; x_wconf 91' lang='lat' dir='ltr'>omnium</span> <span class='ocrx_word' id='word_1_7' title='bbox 826 328 951 359; x_wconf 88' lang='lat' dir='ltr'>illorum</span> <span class='ocrx_word' id='word_1_8' title='bbox 976 328 1080 360; x_wconf 80' lang='lat' dir='ltr'>Taciti</span> <span class='ocrx_word' id='word_1_9' title='bbox 1103 329 1300 361; x_wconf 80' lang='lat' dir='ltr'><strong>imitatorum</strong></span> <span class='ocrx_word' id='word_1_10' title='bbox 1324 329 1444 371; x_wconf 88' lang='lat' dir='ltr'>primus</span> <span class='ocrx_word' id='word_1_11' title='bbox 1468 334 1516 361; x_wconf 83' lang='lat' dir='ltr'>est</span> <span class='ocrx_word' id='word_1_12' title='bbox 1539 330 1756 372; x_wconf 81' lang='lat' dir='ltr'>appellandus,</span> <span class='ocrx_word' id='word_1_13' title='bbox 1784 332 1880 364; x_wconf 80' lang='lat' dir='ltr'>libros</span> <span class='ocrx_word' id='word_1_14' title='bbox 1903 334 1970 364; x_wconf 84' lang='lat' dir='ltr'>eius</span> <span class='ocrx_word' id='word_1_15' title='bbox 1994 344 2070 365; x_wconf 91' lang='lat' dir='ltr'>con-</span> 
     </span>
     <span class='ocr_line' id='line_1_4' title="bbox 169 379 2068 426; baseline 0.004 -15"><span class='ocrx_word' id='word_1_16' title='bbox 169 382 306 412; x_wconf 77' lang='lat' dir='ltr'>tinuavit</span> <span class='ocrx_word' id='word_1_17' title='bbox 341 383 372 411; x_wconf 92' lang='lat' dir='ltr'>et</span> <span class='ocrx_word' id='word_1_18' title='bbox 396 380 468 411; x_wconf 88' lang='lat' dir='ltr'>inde</span> <span class='ocrx_word' id='word_1_19' title='bbox 491 391 509 410; x_wconf 91' lang='lat' dir='ltr'>a</span> <span class='ocrx_word' id='word_1_20' title='bbox 535 379 642 411; x_wconf 85' lang='lat' dir='ltr'>Nerva</span> <span class='ocrx_word' id='word_1_21' title='bbox 663 390 763 421; x_wconf 87' lang='lat' dir='ltr'>usque</span> <span class='ocrx_word' id='word_1_22' title='bbox 788 381 826 411; x_wconf 88' lang='lat' dir='ltr'>ad</span> <span class='ocrx_word' id='word_1_23' title='bbox 851 380 996 412; x_wconf 87' lang='lat' dir='ltr'>Valentis</span> <span class='ocrx_word' id='word_1_24' title='bbox 1032 384 1165 413; x_wconf 82' lang='lat' dir='ltr'>mortem</span> <span class='ocrx_word' id='word_1_25' title='bbox 1191 381 1340 424; x_wconf 82' lang='lat' dir='ltr'>perduxit</span> <span class='ocrx_word' id='word_1_26' title='bbox 1364 382 1485 423; x_wconf 82' lang='lat' dir='ltr'>(Amm.</span> <span class='ocrx_word' id='word_1_27' title='bbox 1509 384 1561 419; x_wconf 84' lang='lat'>31,</span> <span class='ocrx_word' id='word_1_28' title='bbox 1600 384 1648 422; x_wconf 79' lang='lat'>16,</span> <span class='ocrx_word' id='word_1_29' title='bbox 1684 385 1732 425; x_wconf 88' lang='lat'>9).</span> <span class='ocrx_word' id='word_1_30' title='bbox 1780 384 1837 416; x_wconf 89' lang='lat' dir='ltr'>Ille</span> <span class='ocrx_word' id='word_1_31' title='bbox 1871 387 1969 426; x_wconf 87' lang='lat' dir='ltr'>igitur</span> <span class='ocrx_word' id='word_1_32' title='bbox 2003 395 2068 418; x_wconf 89' lang='lat' dir='ltr'>non</span> 
     </span>
     <span class='ocr_line' id='line_1_5' title="bbox 168 432 2068 476; baseline 0.003 -12"><span class='ocrx_word' id='word_1_33' title='bbox 168 433 261 464; x_wconf 89' lang='lat' dir='ltr'>modo</span> <span class='ocrx_word' id='word_1_34' title='bbox 283 432 469 471; x_wconf 82' lang='lat' dir='ltr'>locutiones,</span> <span class='ocrx_word' id='word_1_35' title='bbox 494 433 547 464; x_wconf 90' lang='lat' dir='ltr'>sed</span> <span class='ocrx_word' id='word_1_36' title='bbox 574 433 667 463; x_wconf 86' lang='lat' dir='ltr'>etiam</span> <span class='ocrx_word' id='word_1_37' title='bbox 692 444 740 464; x_wconf 88' lang='lat' dir='ltr'>res</span> <span class='ocrx_word' id='word_1_38' title='bbox 765 434 881 464; x_wconf 83' lang='lat' dir='ltr'>multas</span> <span class='ocrx_word' id='word_1_39' title='bbox 904 444 942 464; x_wconf 84' lang='lat' dir='ltr'>ex</span> <span class='ocrx_word' id='word_1_40' title='bbox 967 436 1094 466; x_wconf 85' lang='lat' dir='ltr'>auctore</span> <span class='ocrx_word' id='word_1_41' title='bbox 1117 446 1174 467; x_wconf 90' lang='lat' dir='ltr'>suo</span> <span class='ocrx_word' id='word_1_42' title='bbox 1198 435 1313 472; x_wconf 85' lang='lat' dir='ltr'>hausit,</span> <span class='ocrx_word' id='word_1_43' title='bbox 1343 436 1418 476; x_wconf 89' lang='lat' dir='ltr'>quin</span> <span class='ocrx_word' id='word_1_44' title='bbox 1451 437 1546 466; x_wconf 82' lang='lat' dir='ltr'>etiam</span> <span class='ocrx_word' id='word_1_45' title='bbox 1576 437 1609 467; x_wconf 90' lang='lat' dir='ltr'>in</span> <span class='ocrx_word' id='word_1_46' title='bbox 1633 436 1724 468; x_wconf 87' lang='lat' dir='ltr'>rebus</span> <span class='ocrx_word' id='word_1_47' title='bbox 1749 437 1920 469; x_wconf 78' lang='lat' dir='ltr'><strong>scribendis</strong></span> <span class='ocrx_word' id='word_1_48' title='bbox 1944 438 2068 470; x_wconf 84' lang='lat' dir='ltr'>easdem</span> 
     </span>
     <span class='ocr_line' id='line_1_6' title="bbox 169 483 2068 530; baseline 0.003 -14"><span class='ocrx_word' id='word_1_49' title='bbox 169 486 307 517; x_wconf 80' lang='lat' dir='ltr'>rationes</span> <span class='ocrx_word' id='word_1_50' title='bbox 331 483 446 524; x_wconf 81' lang='lat' dir='ltr'>iniit.1)</span> <span class='ocrx_word' id='word_1_51' title='bbox 495 484 638 526; x_wconf 88' lang='lat' dir='ltr'>Namque</span> <span class='ocrx_word' id='word_1_52' title='bbox 662 496 732 517; x_wconf 90' lang='lat' dir='ltr'>cum</span> <span class='ocrx_word' id='word_1_53' title='bbox 756 497 877 517; x_wconf 88' lang='lat' dir='ltr'>annuos</span> <span class='ocrx_word' id='word_1_54' title='bbox 912 487 1056 518; x_wconf 87' lang='lat' dir='ltr'>consules</span> <span class='ocrx_word' id='word_1_55' title='bbox 1090 497 1340 519; x_wconf 87' lang='lat' dir='ltr'>commemorans</span> <span class='ocrx_word' id='word_1_56' title='bbox 1374 488 1535 519; x_wconf 85' lang='lat' dir='ltr'>annalium</span> <span class='ocrx_word' id='word_1_57' title='bbox 1569 489 1752 529; x_wconf 83' lang='lat' dir='ltr'><strong>scriptorem</strong></span> <span class='ocrx_word' id='word_1_58' title='bbox 1788 500 1821 520; x_wconf 89' lang='lat' dir='ltr'>se</span> <span class='ocrx_word' id='word_1_59' title='bbox 1855 490 2016 530; x_wconf 81' lang='lat' dir='ltr'>praebeat,</span> <span class='ocrx_word' id='word_1_60' title='bbox 2051 501 2068 522; x_wconf 85' lang='lat' dir='ltr'>a</span> 
     </span>
     <span class='ocr_line' id='line_1_7' title="bbox 169 537 2068 581; baseline 0.003 -13"><span class='ocrx_word' id='word_1_61' title='bbox 169 537 376 579; x_wconf 75' lang='lat' dir='ltr'><strong>scriptoribus</strong></span> <span class='ocrx_word' id='word_1_62' title='bbox 400 538 462 569; x_wconf 84' lang='lat' dir='ltr'>illis</span> <span class='ocrx_word' id='word_1_63' title='bbox 486 539 637 569; x_wconf 80' lang='lat' dir='ltr'>historiae</span> <span class='ocrx_word' id='word_1_64' title='bbox 662 539 832 580; x_wconf 81' lang='lat' dir='ltr'>Augustae,</span> <span class='ocrx_word' id='word_1_65' title='bbox 869 540 923 580; x_wconf 90' lang='lat' dir='ltr'>qui</span> <span class='ocrx_word' id='word_1_66' title='bbox 947 540 1027 570; x_wconf 81' lang='lat' dir='ltr'>vitas</span> <span class='ocrx_word' id='word_1_67' title='bbox 1052 538 1221 571; x_wconf 83' lang='lat' dir='ltr'><strong>Caesarum</strong></span> <span class='ocrx_word' id='word_1_68' title='bbox 1245 541 1381 581; x_wconf 81' lang='lat' dir='ltr'>posteris</span> <span class='ocrx_word' id='word_1_69' title='bbox 1405 541 1610 575; x_wconf 85' lang='lat' dir='ltr'>tradiderunt,</span> <span class='ocrx_word' id='word_1_70' title='bbox 1644 542 1738 581; x_wconf 80' lang='lat' dir='ltr'>plane</span> <span class='ocrx_word' id='word_1_71' title='bbox 1761 542 1921 575; x_wconf 83' lang='lat' dir='ltr'>abhorret.</span> <span class='ocrx_word' id='word_1_72' title='bbox 1968 542 2068 579; x_wconf 72' lang='lat' dir='ltr'>Quid?</span> 
     </span>
     <span class='ocr_line' id='line_1_8' title="bbox 169 591 2069 632; baseline 0.003 -11"><span class='ocrx_word' id='word_1_73' title='bbox 169 591 201 621; x_wconf 91' lang='lat' dir='ltr'>hi</span> <span class='ocrx_word' id='word_1_74' title='bbox 225 601 295 621; x_wconf 89' lang='lat' dir='ltr'>cum</span> <span class='ocrx_word' id='word_1_75' title='bbox 321 591 410 622; x_wconf 91' lang='lat' dir='ltr'>nullo</span> <span class='ocrx_word' id='word_1_76' title='bbox 435 591 502 622; x_wconf 91' lang='lat' dir='ltr'>loco</span> <span class='ocrx_word' id='word_1_77' title='bbox 525 601 621 631; x_wconf 86' lang='lat' dir='ltr'>opera</span> <span class='ocrx_word' id='word_1_78' title='bbox 645 591 775 622; x_wconf 84' lang='lat' dir='ltr'>Tacitea</span> <span class='ocrx_word' id='word_1_79' title='bbox 798 593 972 632; x_wconf 79' lang='lat' dir='ltr'>respexisse</span> <span class='ocrx_word' id='word_1_80' title='bbox 996 591 1172 631; x_wconf 82' lang='lat' dir='ltr'>videantur,</span> <span class='ocrx_word' id='word_1_81' title='bbox 1197 592 1382 624; x_wconf 79' lang='lat' dir='ltr'>Suetonium</span> <span class='ocrx_word' id='word_1_82' title='bbox 1407 596 1439 624; x_wconf 89' lang='lat' dir='ltr'>et</span> <span class='ocrx_word' id='word_1_83' title='bbox 1462 593 1596 625; x_wconf 90' lang='lat' dir='ltr'>Marium</span> <span class='ocrx_word' id='word_1_84' title='bbox 1615 593 1788 625; x_wconf 86' lang='lat' dir='ltr'>Maximum</span> <span class='ocrx_word' id='word_1_85' title='bbox 1813 596 1944 626; x_wconf 84' lang='lat' dir='ltr'>summis</span> <span class='ocrx_word' id='word_1_86' title='bbox 1968 595 2069 626; x_wconf 88' lang='lat' dir='ltr'>laudi-</span> 
     </span>
     <span class='ocr_line' id='line_1_9' title="bbox 170 642 2068 688; baseline 0.003 -14"><span class='ocrx_word' id='word_1_87' title='bbox 170 643 230 674; x_wconf 89' lang='lat' dir='ltr'>bus</span> <span class='ocrx_word' id='word_1_88' title='bbox 253 644 426 681; x_wconf 82' lang='lat' dir='ltr'>cumulant,</span> <span class='ocrx_word' id='word_1_89' title='bbox 438 642 462 682; x_wconf 74' lang='grc'>2)</span> <span class='ocrx_word' id='word_1_90' title='bbox 488 644 541 675; x_wconf 92' lang='lat' dir='ltr'>ille</span> <span class='ocrx_word' id='word_1_91' title='bbox 565 655 628 674; x_wconf 87' lang='lat' dir='ltr'>non</span> <span class='ocrx_word' id='word_1_92' title='bbox 653 645 746 676; x_wconf 88' lang='lat' dir='ltr'>modo</span> <span class='ocrx_word' id='word_1_93' title='bbox 770 656 831 683; x_wconf 83' lang='lat' dir='ltr'>eos,</span> <span class='ocrx_word' id='word_1_94' title='bbox 856 646 910 686; x_wconf 87' lang='lat' dir='ltr'>qui</span> <span class='ocrx_word' id='word_1_95' title='bbox 934 644 1068 676; x_wconf 87' lang='lat' dir='ltr'>Marium</span> <span class='ocrx_word' id='word_1_96' title='bbox 1094 644 1269 677; x_wconf 84' lang='lat' dir='ltr'>Maximum</span> <span class='ocrx_word' id='word_1_97' title='bbox 1294 646 1413 686; x_wconf 87' lang='lat' dir='ltr'>legunt,</span> <span class='ocrx_word' id='word_1_98' title='bbox 1437 646 1604 687; x_wconf 83' lang='lat' dir='ltr'>vituperat,</span> <span class='ocrx_word' id='word_1_99' title='bbox 1614 645 1639 686; x_wconf 81' lang='lat'>3)</span> <span class='ocrx_word' id='word_1_100' title='bbox 1664 647 1717 677; x_wconf 85' lang='lat' dir='ltr'>sed</span> <span class='ocrx_word' id='word_1_101' title='bbox 1742 649 1837 679; x_wconf 85' lang='lat' dir='ltr'>etiam</span> <span class='ocrx_word' id='word_1_102' title='bbox 1861 648 1954 685; x_wconf 86' lang='lat' dir='ltr'>idem,</span> <span class='ocrx_word' id='word_1_103' title='bbox 1985 648 2068 688; x_wconf 92' lang='lat' dir='ltr'>quod</span> 
     </span>
     <span class='ocr_line' id='line_1_10' title="bbox 167 694 2069 741; baseline 0.004 -16"><span class='ocrx_word' id='word_1_104' title='bbox 167 694 304 733; x_wconf 79' lang='lat' dir='ltr'>Tacitus,</span> <span class='ocrx_word' id='word_1_105' title='bbox 331 697 369 728; x_wconf 90' lang='lat' dir='ltr'>de</span> <span class='ocrx_word' id='word_1_106' title='bbox 393 697 525 728; x_wconf 88' lang='lat' dir='ltr'>historia</span> <span class='ocrx_word' id='word_1_107' title='bbox 549 699 657 739; x_wconf 86' lang='lat' dir='ltr'>magni</span> <span class='ocrx_word' id='word_1_108' title='bbox 681 699 877 729; x_wconf 77' lang='lat' dir='ltr'>aestimanda</span> <span class='ocrx_word' id='word_1_109' title='bbox 900 701 1017 731; x_wconf 81' lang='lat' dir='ltr'>censet.</span> <span class='ocrx_word' id='word_1_110' title='bbox 1026 697 1053 739; x_wconf 64' lang='grc'>4)</span> <span class='ocrx_word' id='word_1_111' title='bbox 1101 698 1241 735; x_wconf 80' lang='lat' dir='ltr'>Accedit,</span> <span class='ocrx_word' id='word_1_112' title='bbox 1265 699 1348 739; x_wconf 91' lang='lat' dir='ltr'>quod</span> <span class='ocrx_word' id='word_1_113' title='bbox 1366 699 1553 730; x_wconf 87' lang='lat' dir='ltr'>Ammianus</span> <span class='ocrx_word' id='word_1_114' title='bbox 1570 699 1674 730; x_wconf 85' lang='lat' dir='ltr'>Taciti</span> <span class='ocrx_word' id='word_1_115' title='bbox 1690 701 1867 741; x_wconf 86' lang='lat' dir='ltr'>exemplum</span> <span class='ocrx_word' id='word_1_116' title='bbox 1891 701 2069 732; x_wconf 78' lang='lat' dir='ltr'>aemulatus</span> 
     </span>
     <span class='ocr_line' id='line_1_11' title="bbox 169 749 1978 793; baseline 0.002 -13"><span class='ocrx_word' id='word_1_117' title='bbox 169 749 410 790; x_wconf 82' lang='lat' dir='ltr'>imperatorum,</span> <span class='ocrx_word' id='word_1_118' title='bbox 436 761 568 791; x_wconf 86' lang='lat' dir='ltr'>quorum</span> <span class='ocrx_word' id='word_1_119' title='bbox 593 752 691 781; x_wconf 78' lang='lat' dir='ltr'>vitam</span> <span class='ocrx_word' id='word_1_120' title='bbox 716 751 865 789; x_wconf 84' lang='lat' dir='ltr'>absolvit,</span> <span class='ocrx_word' id='word_1_121' title='bbox 889 752 1072 782; x_wconf 85' lang='lat' dir='ltr'>memoriam</span> <span class='ocrx_word' id='word_1_122' title='bbox 1097 751 1268 782; x_wconf 85' lang='lat' dir='ltr'>virtutibus</span> <span class='ocrx_word' id='word_1_123' title='bbox 1292 756 1322 782; x_wconf 84' lang='lat' dir='ltr'>et</span> <span class='ocrx_word' id='word_1_124' title='bbox 1347 752 1432 782; x_wconf 79' lang='lat' dir='ltr'>vitiis</span> <span class='ocrx_word' id='word_1_125' title='bbox 1457 752 1559 783; x_wconf 87' lang='lat' dir='ltr'>denuo</span> <span class='ocrx_word' id='word_1_126' title='bbox 1581 753 1752 793; x_wconf 87' lang='lat' dir='ltr'>propositis</span> <span class='ocrx_word' id='word_1_127' title='bbox 1775 752 1941 793; x_wconf 78' lang='lat' dir='ltr'>recolligit.</span> <span class='ocrx_word' id='word_1_128' title='bbox 1954 751 1978 792; x_wconf 79' lang='lat'>⁵)</span> 
     </span>
    </p>

    <p class='ocr_par' dir='ltr' id='par_1_4' title="bbox 165 802 2069 903">
     <span class='ocr_line' id='line_1_12' title="bbox 324 802 2069 846; baseline 0.002 -13"><span class='ocrx_word' id='word_1_129' title='bbox 324 802 368 833; x_wconf 80' lang='lat' dir='ltr'>Ut.</span> <span class='ocrx_word' id='word_1_130' title='bbox 393 807 497 834; x_wconf 82' lang='lat' dir='ltr'>autem</span> <span class='ocrx_word' id='word_1_131' title='bbox 523 804 650 844; x_wconf 84' lang='lat' dir='ltr'>singula</span> <span class='ocrx_word' id='word_1_132' title='bbox 671 815 851 845; x_wconf 82' lang='lat' dir='ltr'>persequar,</span> <span class='ocrx_word' id='word_1_133' title='bbox 875 805 1011 845; x_wconf 87' lang='lat' dir='ltr'>primum</span> <span class='ocrx_word' id='word_1_134' title='bbox 1037 804 1191 845; x_wconf 85' lang='lat' dir='ltr'>exempla,</span> <span class='ocrx_word' id='word_1_135' title='bbox 1219 815 1298 845; x_wconf 85' lang='lat' dir='ltr'>quae</span> <span class='ocrx_word' id='word_1_136' title='bbox 1321 806 1382 836; x_wconf 85' lang='lat' dir='ltr'>iam</span> <span class='ocrx_word' id='word_1_137' title='bbox 1408 804 1612 836; x_wconf 84' lang='lat' dir='ltr'>Woelfflinus</span> <span class='ocrx_word' id='word_1_138' title='bbox 1624 803 1649 845; x_wconf 76' lang='grc'>6)</span> <span class='ocrx_word' id='word_1_139' title='bbox 1673 809 1705 836; x_wconf 88' lang='lat' dir='ltr'>et</span> <span class='ocrx_word' id='word_1_140' title='bbox 1731 805 1886 836; x_wconf 77' lang='lat' dir='ltr'>Waitzius</span> <span class='ocrx_word' id='word_1_141' title='bbox 1897 803 1923 846; x_wconf 71' lang='grc'>7)</span> <span class='ocrx_word' id='word_1_142' title='bbox 1950 805 2069 837; x_wconf 82' lang='lat' dir='ltr'>attule-</span> 
     </span>
     <span class='ocr_line' id='line_1_13' title="bbox 165 856 1148 903; baseline 0.003 -18"><span class='ocrx_word' id='word_1_143' title='bbox 165 857 249 892; x_wconf 85' lang='lat' dir='ltr'>runt,</span> <span class='ocrx_word' id='word_1_144' title='bbox 276 856 487 903; x_wconf 83' lang='lat' dir='ltr'>locutionibus</span> <span class='ocrx_word' id='word_1_145' title='bbox 511 868 529 886; x_wconf 86' lang='lat' dir='ltr'>a</span> <span class='ocrx_word' id='word_1_146' title='bbox 553 866 602 887; x_wconf 89' lang='lat' dir='ltr'>me</span> <span class='ocrx_word' id='word_1_147' title='bbox 626 857 764 888; x_wconf 87' lang='lat' dir='ltr'>collectis</span> <span class='ocrx_word' id='word_1_148' title='bbox 789 857 935 898; x_wconf 88' lang='lat' dir='ltr'>supplere</span> <span class='ocrx_word' id='word_1_149' title='bbox 959 858 1061 888; x_wconf 82' lang='lat' dir='ltr'>visum</span> <span class='ocrx_word' id='word_1_150' title='bbox 1085 860 1148 888; x_wconf 86' lang='lat' dir='ltr'>est:</span> 
     </span>
    </p>
   </div>
   <div class='ocr_carea' id='block_1_4' title="bbox 161 909 1011 1321">
    <p class='ocr_par' dir='ltr' id='par_1_5' title="bbox 525 909 654 940">
     <span class='ocr_line' id='line_1_14' title="bbox 525 909 654 940; baseline 0 0"><span class='ocrx_word' id='word_1_151' title='bbox 525 909 654 940; x_wconf 86' lang='lat' dir='ltr'>Tacitus</span> 
     </span>
    </p>

    <p class='ocr_par' dir='ltr' id='par_1_6' title="bbox 170 960 1010 1056">
     <span class='ocr_line' id='line_1_15' title="bbox 209 960 1010 1001; baseline 0.002 -10"><span class='ocrx_word' id='word_1_152' title='bbox 209 960 282 992; x_wconf 82' lang='lat' dir='ltr'>hist.</span> <span class='ocrx_word' id='word_1_153' title='bbox 310 962 337 998; x_wconf 98' lang='grc'>1,</span> <span class='ocrx_word' id='word_1_154' title='bbox 365 962 421 998; x_wconf 83' lang='grc'>14;</span> <span class='ocrx_word' id='word_1_155' title='bbox 464 963 491 999; x_wconf 89' lang='grc'>1,</span> <span class='ocrx_word' id='word_1_156' title='bbox 531 963 586 999; x_wconf 85' lang='grc'>17;</span> <span class='ocrx_word' id='word_1_157' title='bbox 626 964 655 1001; x_wconf 88' lang='grc'>2,</span> <span class='ocrx_word' id='word_1_158' title='bbox 679 962 736 999; x_wconf 88' lang='grc'>52;</span> <span class='ocrx_word' id='word_1_159' title='bbox 776 973 847 994; x_wconf 89' lang='lat' dir='ltr'>ann.</span> <span class='ocrx_word' id='word_1_160' title='bbox 874 964 924 999; x_wconf 83' lang='lat'>15,</span> <span class='ocrx_word' id='word_1_161' title='bbox 951 963 1010 999; x_wconf 75' lang='lat'>723</span> 
     </span>
     <span class='ocr_line' id='line_1_16' title="bbox 170 1014 881 1056; baseline 0.004 -12"><span class='ocrx_word' id='word_1_162' title='bbox 170 1014 219 1051; x_wconf 75' lang='lat'>16,</span> <span class='ocrx_word' id='word_1_163' title='bbox 244 1014 304 1051; x_wconf 68' lang='lat'>223</span> <span class='ocrx_word' id='word_1_164' title='bbox 330 1015 407 1056; x_wconf 82' lang='lat' dir='ltr'>Agr.</span> <span class='ocrx_word' id='word_1_165' title='bbox 433 1016 494 1052; x_wconf 83' lang='lat'>43;</span> <span class='ocrx_word' id='word_1_166' title='bbox 518 1016 561 1047; x_wconf 82' lang='lat'>44</span> <span class='ocrx_word' id='word_1_167' title='bbox 584 1016 673 1047; x_wconf 84' lang='lat' dir='ltr'>vultu</span> <span class='ocrx_word' id='word_1_168' title='bbox 698 1016 881 1056; x_wconf 85' lang='lat' dir='ltr'>habituque.</span> 
     </span>
    </p>

    <p class='ocr_par' dir='ltr' id='par_1_7' title="bbox 161 1067 1011 1153">
     <span class='ocr_line' id='line_1_17' title="bbox 209 1067 1011 1103; baseline 0.002 -5"><span class='ocrx_word' id='word_1_169' title='bbox 209 1067 283 1099; x_wconf 78' lang='lat' dir='ltr'>hist.</span> <span class='ocrx_word' id='word_1_170' title='bbox 310 1069 337 1103; x_wconf 86' lang='grc'>1,</span> <span class='ocrx_word' id='word_1_171' title='bbox 364 1068 406 1099; x_wconf 83' lang='grc'>39</span> <span class='ocrx_word' id='word_1_172' title='bbox 431 1070 598 1099; x_wconf 84' lang='lat' dir='ltr'>exterritus</span> <span class='ocrx_word' id='word_1_173' title='bbox 623 1068 696 1100; x_wconf 86' lang='lat' dir='ltr'>Piso</span> <span class='ocrx_word' id='word_1_174' title='bbox 720 1069 849 1100; x_wconf 85' lang='lat' dir='ltr'>fremitu</span> <span class='ocrx_word' id='word_1_175' title='bbox 873 1070 1011 1100; x_wconf 84' lang='lat' dir='ltr'>crebres-</span> 
     </span>
     <span class='ocr_line' id='line_1_18' title="bbox 161 1120 460 1153; baseline 0.007 -3"><span class='ocrx_word' id='word_1_176' title='bbox 161 1120 261 1151; x_wconf 85' lang='lat' dir='ltr'>centis</span> <span class='ocrx_word' id='word_1_177' title='bbox 286 1121 460 1153; x_wconf 79' lang='lat' dir='ltr'>seditionis.</span> 
     </span>
    </p>

    <p class='ocr_par' dir='ltr' id='par_1_8' title="bbox 211 1173 913 1216">
     <span class='ocr_line' id='line_1_19' title="bbox 211 1173 913 1216; baseline 0.006 -13"><span class='ocrx_word' id='word_1_178' title='bbox 211 1173 286 1206; x_wconf 84' lang='lat' dir='ltr'>hist.</span> <span class='ocrx_word' id='word_1_179' title='bbox 314 1175 341 1210; x_wconf 84' lang='grc'>1,</span> <span class='ocrx_word' id='word_1_180' title='bbox 366 1174 407 1204; x_wconf 88' lang='grc'>48</span> <span class='ocrx_word' id='word_1_181' title='bbox 433 1174 547 1210; x_wconf 84' lang='lat' dir='ltr'>audax,</span> <span class='ocrx_word' id='word_1_182' title='bbox 573 1173 712 1211; x_wconf 86' lang='lat' dir='ltr'>callidus,</span> <span class='ocrx_word' id='word_1_183' title='bbox 738 1179 913 1216; x_wconf 79' lang='lat' dir='ltr'>promptus,</span> 
     </span>
    </p>

    <p class='ocr_par' dir='ltr' id='par_1_9' title="bbox 165 1225 1010 1321">
     <span class='ocr_line' id='line_1_20' title="bbox 207 1225 1010 1269; baseline 0.004 -12"><span class='ocrx_word' id='word_1_184' title='bbox 207 1225 283 1258; x_wconf 81' lang='lat' dir='ltr'>hist.</span> <span class='ocrx_word' id='word_1_185' title='bbox 308 1228 339 1263; x_wconf 86' lang='grc'>2,</span> <span class='ocrx_word' id='word_1_186' title='bbox 372 1227 390 1257; x_wconf 86' lang='grc'>2</span> <span class='ocrx_word' id='word_1_187' title='bbox 426 1227 474 1257; x_wconf 85' lang='lat' dir='ltr'>his</span> <span class='ocrx_word' id='word_1_188' title='bbox 504 1238 539 1258; x_wconf 85' lang='lat' dir='ltr'>ac</span> <span class='ocrx_word' id='word_1_189' title='bbox 573 1227 691 1258; x_wconf 79' lang='lat' dir='ltr'>talibus</span> <span class='ocrx_word' id='word_1_190' title='bbox 724 1229 807 1259; x_wconf 84' lang='lat' dir='ltr'>inter</span> <span class='ocrx_word' id='word_1_191' title='bbox 835 1238 922 1269; x_wconf 84' lang='lat' dir='ltr'>spem</span> <span class='ocrx_word' id='word_1_192' title='bbox 949 1240 1010 1260; x_wconf 89' lang='lat' dir='ltr'>me-</span> 
     </span>
     <span class='ocr_line' id='line_1_21' title="bbox 165 1280 679 1321; baseline 0.004 -12"><span class='ocrx_word' id='word_1_193' title='bbox 165 1284 296 1319; x_wconf 83' lang='lat' dir='ltr'>tumque</span> <span class='ocrx_word' id='word_1_194' title='bbox 320 1280 474 1311; x_wconf 84' lang='lat' dir='ltr'>iactatum</span> <span class='ocrx_word' id='word_1_195' title='bbox 499 1291 570 1321; x_wconf 85' lang='lat' dir='ltr'>spes</span> <span class='ocrx_word' id='word_1_196' title='bbox 597 1281 679 1311; x_wconf 80' lang='lat' dir='ltr'>vicit.</span> 
     </span>
    </p>
   </div>
   <div class='ocr_carea' id='block_1_5' title="bbox 163 1438 1009 1852">
    <p class='ocr_par' dir='ltr' id='par_1_10' title="bbox 163 1438 1009 1523">
     <span class='ocr_line' id='line_1_22' title="bbox 212 1438 1009 1481; baseline 0.004 -12"><span class='ocrx_word' id='word_1_197' title='bbox 212 1438 285 1471; x_wconf 85' lang='lat' dir='ltr'>hist.</span> <span class='ocrx_word' id='word_1_198' title='bbox 311 1441 340 1475; x_wconf 84' lang='lat'>2,</span> <span class='ocrx_word' id='word_1_199' title='bbox 367 1440 400 1475; x_wconf 83' lang='lat'>7;</span> <span class='ocrx_word' id='word_1_200' title='bbox 433 1450 507 1470; x_wconf 87' lang='lat' dir='ltr'>ann.</span> <span class='ocrx_word' id='word_1_201' title='bbox 534 1440 582 1471; x_wconf 81' lang='lat'>15.</span> <span class='ocrx_word' id='word_1_202' title='bbox 607 1440 662 1476; x_wconf 63' lang='lat'>683</span> <span class='ocrx_word' id='word_1_203' title='bbox 696 1441 774 1481; x_wconf 83' lang='lat' dir='ltr'>Agr.</span> <span class='ocrx_word' id='word_1_204' title='bbox 805 1442 846 1472; x_wconf 78' lang='lat'>38</span> <span class='ocrx_word' id='word_1_205' title='bbox 879 1442 1009 1472; x_wconf 81' lang='lat' dir='ltr'>consilia</span> 
     </span>
     <span class='ocr_line' id='line_1_23' title="bbox 163 1492 303 1523; baseline 0.014 -2"><span class='ocrx_word' id='word_1_206' title='bbox 163 1492 303 1523; x_wconf 83' lang='lat' dir='ltr'>miscere.</span> 
     </span>
    </p>

    <p class='ocr_par' dir='ltr' id='par_1_11' title="bbox 164 1544 1008 1638">
     <span class='ocr_line' id='line_1_24' title="bbox 207 1544 1008 1588; baseline 0.004 -13"><span class='ocrx_word' id='word_1_207' title='bbox 207 1544 281 1576; x_wconf 82' lang='lat' dir='ltr'>hist.</span> <span class='ocrx_word' id='word_1_208' title='bbox 321 1545 350 1582; x_wconf 87' lang='grc'>2,</span> <span class='ocrx_word' id='word_1_209' title='bbox 393 1545 434 1575; x_wconf 88' lang='lat'>14</span> <span class='ocrx_word' id='word_1_210' title='bbox 474 1545 640 1576; x_wconf 83' lang='lat' dir='ltr'>obscurum</span> <span class='ocrx_word' id='word_1_211' title='bbox 680 1547 798 1581; x_wconf 67' lang='lat' dir='ltr'>noctisz</span> <span class='ocrx_word' id='word_1_212' title='bbox 837 1546 876 1578; x_wconf 83' lang='lat' dir='ltr'>cf.</span> <span class='ocrx_word' id='word_1_213' title='bbox 913 1546 1008 1588; x_wconf 83' lang='lat' dir='ltr'>Verg.</span> 
     </span>
     <span class='ocr_line' id='line_1_25' title="bbox 164 1596 434 1638; baseline 0.007 -10"><span class='ocrx_word' id='word_1_214' title='bbox 164 1596 280 1638; x_wconf 84' lang='lat' dir='ltr'>Georg.</span> <span class='ocrx_word' id='word_1_215' title='bbox 308 1600 334 1635; x_wconf 91' lang='lat' dir='ltr'>l,</span> <span class='ocrx_word' id='word_1_216' title='bbox 359 1597 434 1630; x_wconf 80' lang='lat'>478.</span> 
     </span>
    </p>

    <p class='ocr_par' dir='ltr' id='par_1_12' title="bbox 207 1650 665 1692">
     <span class='ocr_line' id='line_1_26' title="bbox 207 1650 665 1692; baseline 0.002 -11"><span class='ocrx_word' id='word_1_217' title='bbox 207 1650 284 1682; x_wconf 86' lang='lat' dir='ltr'>hist.</span> <span class='ocrx_word' id='word_1_218' title='bbox 309 1652 339 1688; x_wconf 86' lang='grc'>2,</span> <span class='ocrx_word' id='word_1_219' title='bbox 364 1652 406 1682; x_wconf 88' lang='grc'>25</span> <span class='ocrx_word' id='word_1_220' title='bbox 431 1651 494 1682; x_wconf 88' lang='lat' dir='ltr'>doli</span> <span class='ocrx_word' id='word_1_221' title='bbox 518 1652 665 1692; x_wconf 85' lang='lat' dir='ltr'>prudens.</span> 
     </span>
    </p>

    <p class='ocr_par' dir='ltr' id='par_1_13' title="bbox 207 1702 952 1745">
     <span class='ocr_line' id='line_1_27' title="bbox 207 1702 952 1745; baseline 0.004 -12"><span class='ocrx_word' id='word_1_222' title='bbox 207 1702 282 1736; x_wconf 78' lang='lat' dir='ltr'>hist.</span> <span class='ocrx_word' id='word_1_223' title='bbox 307 1704 336 1740; x_wconf 88' lang='lat'>2,</span> <span class='ocrx_word' id='word_1_224' title='bbox 362 1704 402 1735; x_wconf 89' lang='lat'>37</span> <span class='ocrx_word' id='word_1_225' title='bbox 429 1704 548 1745; x_wconf 87' lang='lat' dir='ltr'>linguis</span> <span class='ocrx_word' id='word_1_226' title='bbox 572 1705 775 1745; x_wconf 86' lang='lat' dir='ltr'>moribusque</span> <span class='ocrx_word' id='word_1_227' title='bbox 798 1705 952 1737; x_wconf 48' lang='lat' dir='ltr'>dissono&amp;</span> 
     </span>
    </p>

    <p class='ocr_par' dir='ltr' id='par_1_14' title="bbox 168 1756 1008 1852">
     <span class='ocr_line' id='line_1_28' title="bbox 209 1756 1008 1796; baseline 0.003 -9"><span class='ocrx_word' id='word_1_228' title='bbox 209 1756 285 1789; x_wconf 87' lang='lat' dir='ltr'>hist.</span> <span class='ocrx_word' id='word_1_229' title='bbox 311 1758 340 1792; x_wconf 88' lang='lat'>2,</span> <span class='ocrx_word' id='word_1_230' title='bbox 364 1758 405 1788; x_wconf 86' lang='grc'>38</span> <span class='ocrx_word' id='word_1_231' title='bbox 430 1768 515 1788; x_wconf 88' lang='lat' dir='ltr'>nuuc</span> <span class='ocrx_word' id='word_1_232' title='bbox 543 1758 581 1788; x_wconf 85' lang='lat' dir='ltr'>ad</span> <span class='ocrx_word' id='word_1_233' title='bbox 606 1768 709 1788; x_wconf 87' lang='lat' dir='ltr'>rerum</span> <span class='ocrx_word' id='word_1_234' title='bbox 734 1758 874 1789; x_wconf 87' lang='lat' dir='ltr'>ordinem</span> <span class='ocrx_word' id='word_1_235' title='bbox 906 1759 1008 1796; x_wconf 76' lang='lat' dir='ltr'>redeo3</span> 
     </span>
     <span class='ocr_line' id='line_1_29' title="bbox 168 1810 1007 1852; baseline 0.002 -12"><span class='ocrx_word' id='word_1_236' title='bbox 168 1820 240 1841; x_wconf 85' lang='lat' dir='ltr'>ann.</span> <span class='ocrx_word' id='word_1_237' title='bbox 266 1810 318 1846; x_wconf 83' lang='lat'>12,</span> <span class='ocrx_word' id='word_1_238' title='bbox 353 1811 395 1841; x_wconf 87' lang='grc'>40</span> <span class='ocrx_word' id='word_1_239' title='bbox 431 1811 468 1841; x_wconf 88' lang='lat' dir='ltr'>ad</span> <span class='ocrx_word' id='word_1_240' title='bbox 505 1814 684 1850; x_wconf 89' lang='lat' dir='ltr'>temporum</span> <span class='ocrx_word' id='word_1_241' title='bbox 721 1811 862 1842; x_wconf 86' lang='lat' dir='ltr'>ordinem</span> <span class='ocrx_word' id='word_1_242' title='bbox 898 1811 1007 1852; x_wconf 75' lang='lat' dir='ltr'>rede03</span> 
     </span>
    </p>
   </div>
   <div class='ocr_carea' id='block_1_6' title="bbox 162 1863 1008 2169">
    <p class='ocr_par' dir='ltr' id='par_1_15' title="bbox 162 1863 1008 2010">
     <span class='ocr_line' id='line_1_30' title="bbox 163 1863 1008 1905; baseline 0.004 -12"><span class='ocrx_word' id='word_1_243' title='bbox 163 1872 272 1893; x_wconf 86' lang='lat' dir='ltr'>verum</span> <span class='ocrx_word' id='word_1_244' title='bbox 309 1863 418 1894; x_wconf 88' lang='lat' dir='ltr'>confer</span> <span class='ocrx_word' id='word_1_245' title='bbox 453 1863 528 1896; x_wconf 83' lang='lat' dir='ltr'>Sall.</span> <span class='ocrx_word' id='word_1_246' title='bbox 552 1863 627 1904; x_wconf 86' lang='lat' dir='ltr'>Jug.</span> <span class='ocrx_word' id='word_1_247' title='bbox 652 1865 671 1894; x_wconf 88' lang='grc'>4</span> <span class='ocrx_word' id='word_1_248' title='bbox 711 1875 794 1895; x_wconf 92' lang='lat' dir='ltr'>nunc</span> <span class='ocrx_word' id='word_1_249' title='bbox 829 1864 868 1895; x_wconf 88' lang='lat' dir='ltr'>ad</span> <span class='ocrx_word' id='word_1_250' title='bbox 902 1865 1008 1905; x_wconf 89' lang='lat' dir='ltr'>incep-</span> 
     </span>
     <span class='ocr_line' id='line_1_31' title="bbox 164 1916 1007 1957; baseline 0.004 -11"><span class='ocrx_word' id='word_1_251' title='bbox 164 1918 233 1946; x_wconf 85' lang='lat' dir='ltr'>tum</span> <span class='ocrx_word' id='word_1_252' title='bbox 258 1916 361 1947; x_wconf 89' lang='lat' dir='ltr'>redeo.</span> <span class='ocrx_word' id='word_1_253' title='bbox 407 1916 495 1957; x_wconf 84' lang='lat' dir='ltr'>(Tac.</span> <span class='ocrx_word' id='word_1_254' title='bbox 521 1917 595 1948; x_wconf 86' lang='lat' dir='ltr'>hist.</span> <span class='ocrx_word' id='word_1_255' title='bbox 619 1918 650 1954; x_wconf 88' lang='lat'>4,</span> <span class='ocrx_word' id='word_1_256' title='bbox 675 1917 735 1954; x_wconf 74' lang='lat'>333</span> <span class='ocrx_word' id='word_1_257' title='bbox 776 1916 839 1949; x_wconf 86' lang='lat' dir='ltr'>Cic.</span> <span class='ocrx_word' id='word_1_258' title='bbox 871 1917 963 1950; x_wconf 86' lang='lat' dir='ltr'>Tusc.</span> <span class='ocrx_word' id='word_1_259' title='bbox 989 1919 1007 1949; x_wconf 82' lang='lat'>1</span> 
     </span>
     <span class='ocr_line' id='line_1_32' title="bbox 162 1968 275 2010; baseline 0.009 -9"><span class='ocrx_word' id='word_1_260' title='bbox 162 1968 182 2009; x_wconf 57' lang='grc' dir='ltr'><strong>ὃ</strong></span> <span class='ocrx_word' id='word_1_261' title='bbox 205 1969 275 2010; x_wconf 84' lang='lat'>23.)</span> 
     </span>
    </p>

    <p class='ocr_par' dir='ltr' id='par_1_16' title="bbox 206 2022 925 2064">
     <span class='ocr_line' id='line_1_33' title="bbox 206 2022 925 2064; baseline 0.003 -11"><span class='ocrx_word' id='word_1_262' title='bbox 206 2022 282 2055; x_wconf 84' lang='lat' dir='ltr'>hist.</span> <span class='ocrx_word' id='word_1_263' title='bbox 307 2024 337 2059; x_wconf 89' lang='grc'>2,</span> <span class='ocrx_word' id='word_1_264' title='bbox 363 2023 422 2064; x_wconf 87' lang='grc'>83;</span> <span class='ocrx_word' id='word_1_265' title='bbox 446 2023 476 2057; x_wconf 89' lang='lat'>4,</span> <span class='ocrx_word' id='word_1_266' title='bbox 499 2024 538 2054; x_wconf 89' lang='lat'>21</span> <span class='ocrx_word' id='word_1_267' title='bbox 567 2024 733 2064; x_wconf 83' lang='lat' dir='ltr'>ambiguus</span> <span class='ocrx_word' id='word_1_268' title='bbox 757 2022 925 2059; x_wconf 51' lang='lat' dir='ltr'>consiliis)</span> 
     </span>
    </p>

    <p class='ocr_par' dir='ltr' id='par_1_17' title="bbox 208 2075 758 2118">
     <span class='ocr_line' id='line_1_34' title="bbox 208 2075 758 2118; baseline 0.005 -13"><span class='ocrx_word' id='word_1_269' title='bbox 208 2075 282 2106; x_wconf 85' lang='lat' dir='ltr'>hist.</span> <span class='ocrx_word' id='word_1_270' title='bbox 307 2076 338 2113; x_wconf 90' lang='lat'>3,</span> <span class='ocrx_word' id='word_1_271' title='bbox 362 2076 403 2107; x_wconf 87' lang='lat'>43</span> <span class='ocrx_word' id='word_1_272' title='bbox 428 2076 526 2107; x_wconf 81' lang='lat' dir='ltr'>futuri</span> <span class='ocrx_word' id='word_1_273' title='bbox 550 2075 758 2118; x_wconf 76' lang='lat' dir='ltr'>ambiguus.⁷)</span> 
     </span>
    </p>

    <p class='ocr_par' dir='ltr' id='par_1_18' title="bbox 212 2127 883 2169">
     <span class='ocr_line' id='line_1_35' title="bbox 212 2127 883 2169; baseline 0.006 -11"><span class='ocrx_word' id='word_1_274' title='bbox 212 2127 285 2161; x_wconf 86' lang='lat' dir='ltr'>hist.</span> <span class='ocrx_word' id='word_1_275' title='bbox 310 2130 339 2163; x_wconf 85' lang='lat'>3,</span> <span class='ocrx_word' id='word_1_276' title='bbox 363 2130 381 2159; x_wconf 83' lang='lat'>2</span> <span class='ocrx_word' id='word_1_277' title='bbox 407 2130 576 2160; x_wconf 81' lang='lat' dir='ltr'>acerrimus</span> <span class='ocrx_word' id='word_1_278' title='bbox 601 2130 673 2161; x_wconf 87' lang='lat' dir='ltr'>belli</span> <span class='ocrx_word' id='word_1_279' title='bbox 699 2129 883 2169; x_wconf 71' lang='lat' dir='ltr'>concitor.⁵)</span> 
     </span>
    </p>
   </div>
   <div class='ocr_carea' id='block_1_7' title="bbox 1105 910 1116 2266">
    <p class='ocr_par' dir='ltr' id='par_1_19' title="bbox 1105 910 1116 2266">
     <span class='ocr_line' id='line_1_36' title="bbox 1105 910 1116 2266; baseline 0 0"><span class='ocrx_word' id='word_1_280' title='bbox 1105 910 1116 2266; x_wconf 95' lang='lat' dir='ltr'> </span> 
     </span>
    </p>
   </div>
   <div class='ocr_carea' id='block_1_8' title="bbox 1226 911 2066 1105">
    <p class='ocr_par' dir='ltr' id='par_1_20' title="bbox 1226 911 2066 1105">
     <span class='ocr_line' id='line_1_37' title="bbox 1551 911 1739 942; baseline 0 -1"><span class='ocrx_word' id='word_1_281' title='bbox 1551 911 1739 942; x_wconf 86' lang='lat' dir='ltr'>Ammianus</span> 
     </span>
     <span class='ocr_line' id='line_1_38' title="bbox 1270 963 2066 1004; baseline 0.001 -10"><span class='ocrx_word' id='word_1_282' title='bbox 1270 964 1320 1000; x_wconf 84' lang='lat'>30,</span> <span class='ocrx_word' id='word_1_283' title='bbox 1345 964 1374 999; x_wconf 85' lang='lat'>4,</span> <span class='ocrx_word' id='word_1_284' title='bbox 1402 963 1438 994; x_wconf 94' lang='grc'>11</span> <span class='ocrx_word' id='word_1_285' title='bbox 1465 963 1571 994; x_wconf 82' lang='lat' dir='ltr'>vultus</span> <span class='ocrx_word' id='word_1_286' title='bbox 1592 965 1748 1004; x_wconf 85' lang='lat' dir='ltr'>gravitate</span> <span class='ocrx_word' id='word_1_287' title='bbox 1765 964 1804 995; x_wconf 85' lang='lat' dir='ltr'>ad</span> <span class='ocrx_word' id='word_1_288' title='bbox 1821 964 1964 995; x_wconf 80' lang='lat' dir='ltr'>habitum</span> <span class='ocrx_word' id='word_1_289' title='bbox 1982 974 2066 995; x_wconf 86' lang='lat' dir='ltr'>com-</span> 
     </span>
     <span class='ocr_line' id='line_1_39' title="bbox 1226 1016 2055 1059; baseline -0.001 -12"><span class='ocrx_word' id='word_1_290' title='bbox 1226 1017 1330 1056; x_wconf 83' lang='lat' dir='ltr'>posita</span> <span class='ocrx_word' id='word_1_291' title='bbox 1354 1017 1544 1049; x_wconf 80' lang='lat' dir='ltr'>tristiorem:</span> <span class='ocrx_word' id='word_1_292' title='bbox 1567 1016 1607 1048; x_wconf 86' lang='lat' dir='ltr'>cf.</span> <span class='ocrx_word' id='word_1_293' title='bbox 1633 1016 1713 1057; x_wconf 83' lang='lat' dir='ltr'>Heg.</span> <span class='ocrx_word' id='word_1_294' title='bbox 1738 1017 1768 1053; x_wconf 90' lang='lat'>2,</span> <span class='ocrx_word' id='word_1_295' title='bbox 1793 1017 1822 1053; x_wconf 85' lang='lat'>4,</span> <span class='ocrx_word' id='word_1_296' title='bbox 1851 1017 1901 1049; x_wconf 87' lang='lat'>14.</span> <span class='ocrx_word' id='word_1_297' title='bbox 2052 1058 2055 1059; x_wconf 45' lang='lat'>.</span> 
     </span>
     <span class='ocr_line' id='line_1_40' title="bbox 1271 1068 2064 1105; baseline 0 -5"><span class='ocrx_word' id='word_1_298' title='bbox 1271 1069 1322 1105; x_wconf 86' lang='lat'>27,</span> <span class='ocrx_word' id='word_1_299' title='bbox 1352 1069 1381 1105; x_wconf 79' lang='lat'>3,</span> <span class='ocrx_word' id='word_1_300' title='bbox 1413 1069 1432 1100; x_wconf 85' lang='lat'>9</span> <span class='ocrx_word' id='word_1_301' title='bbox 1457 1068 1682 1099; x_wconf 81' lang='lat' dir='ltr'>crebrescentis</span> <span class='ocrx_word' id='word_1_302' title='bbox 1707 1069 1871 1100; x_wconf 83' lang='lat' dir='ltr'>seditionis</span> <span class='ocrx_word' id='word_1_303' title='bbox 1894 1069 1927 1099; x_wconf 90' lang='lat' dir='ltr'>in</span> <span class='ocrx_word' id='word_1_304' title='bbox 1953 1069 2064 1101; x_wconf 81' lang='lat' dir='ltr'>maius.</span> 
     </span>
    </p>
   </div>
   <div class='ocr_carea' id='block_1_9' title="bbox 1222 1174 2068 1479">
    <p class='ocr_par' dir='ltr' id='par_1_21' title="bbox 1269 1174 1825 1215">
     <span class='ocr_line' id='line_1_41' title="bbox 1269 1174 1825 1215; baseline 0.004 -11"><span class='ocrx_word' id='word_1_305' title='bbox 1269 1174 1318 1211; x_wconf 79' lang='lat'>26,</span> <span class='ocrx_word' id='word_1_306' title='bbox 1347 1174 1395 1210; x_wconf 91' lang='lat'>10,</span> <span class='ocrx_word' id='word_1_307' title='bbox 1421 1174 1439 1205; x_wconf 80' lang='lat'>5</span> <span class='ocrx_word' id='word_1_308' title='bbox 1463 1174 1595 1205; x_wconf 84' lang='lat' dir='ltr'>audaces</span> <span class='ocrx_word' id='word_1_309' title='bbox 1618 1177 1649 1204; x_wconf 86' lang='lat' dir='ltr'>et</span> <span class='ocrx_word' id='word_1_310' title='bbox 1674 1175 1825 1215; x_wconf 84' lang='lat' dir='ltr'>prompti.</span> 
     </span>
    </p>

    <p class='ocr_par' dir='ltr' id='par_1_22' title="bbox 1222 1227 2068 1427">
     <span class='ocr_line' id='line_1_42' title="bbox 1276 1227 2068 1267; baseline -0.003 -8"><span class='ocrx_word' id='word_1_311' title='bbox 1276 1228 1327 1264; x_wconf 72' lang='lat'>20,</span> <span class='ocrx_word' id='word_1_312' title='bbox 1358 1229 1408 1264; x_wconf 86' lang='grc'>11,</span> <span class='ocrx_word' id='word_1_313' title='bbox 1438 1228 1478 1259; x_wconf 85' lang='grc'>31</span> <span class='ocrx_word' id='word_1_314' title='bbox 1509 1227 1558 1258; x_wconf 89' lang='lat' dir='ltr'>his</span> <span class='ocrx_word' id='word_1_315' title='bbox 1588 1236 1626 1258; x_wconf 80' lang='lat' dir='ltr'>ac</span> <span class='ocrx_word' id='word_1_316' title='bbox 1649 1227 1766 1257; x_wconf 82' lang='lat' dir='ltr'>talibus</span> <span class='ocrx_word' id='word_1_317' title='bbox 1790 1227 1962 1267; x_wconf 86' lang='lat' dir='ltr'>imperator</span> <span class='ocrx_word' id='word_1_318' title='bbox 1985 1227 2068 1257; x_wconf 84' lang='lat' dir='ltr'>inter</span> 
     </span>
     <span class='ocr_line' id='line_1_43' title="bbox 1227 1279 2064 1321; baseline 0.001 -10"><span class='ocrx_word' id='word_1_319' title='bbox 1227 1290 1314 1320; x_wconf 81' lang='lat' dir='ltr'>spem</span> <span class='ocrx_word' id='word_1_320' title='bbox 1346 1283 1528 1321; x_wconf 86' lang='lat' dir='ltr'>metumque</span> <span class='ocrx_word' id='word_1_321' title='bbox 1558 1280 1753 1315; x_wconf 83' lang='lat' dir='ltr'>iactabatur;</span> <span class='ocrx_word' id='word_1_322' title='bbox 1789 1280 1829 1312; x_wconf 86' lang='lat' dir='ltr'>cf.</span> <span class='ocrx_word' id='word_1_323' title='bbox 1855 1280 1907 1315; x_wconf 89' lang='lat'>21,</span> <span class='ocrx_word' id='word_1_324' title='bbox 1945 1279 1994 1317; x_wconf 84' lang='lat'>13,</span> <span class='ocrx_word' id='word_1_325' title='bbox 2033 1282 2064 1312; x_wconf 86' lang='lat'>1:</span> 
     </span>
     <span class='ocr_line' id='line_1_44' title="bbox 1222 1333 2066 1373; baseline -0.001 -9"><span class='ocrx_word' id='word_1_326' title='bbox 1222 1333 1271 1364; x_wconf 86' lang='lat' dir='ltr'>his</span> <span class='ocrx_word' id='word_1_327' title='bbox 1306 1344 1341 1364; x_wconf 88' lang='lat' dir='ltr'>ae</span> <span class='ocrx_word' id='word_1_328' title='bbox 1376 1334 1492 1364; x_wconf 82' lang='lat' dir='ltr'>talibus</span> <span class='ocrx_word' id='word_1_329' title='bbox 1528 1334 1610 1364; x_wconf 83' lang='lat' dir='ltr'>inter</span> <span class='ocrx_word' id='word_1_330' title='bbox 1644 1343 1731 1373; x_wconf 89' lang='lat' dir='ltr'>spem</span> <span class='ocrx_word' id='word_1_331' title='bbox 1768 1335 1950 1373; x_wconf 75' lang='lat' dir='ltr'>metumque</span> <span class='ocrx_word' id='word_1_332' title='bbox 1985 1342 2066 1363; x_wconf 82' lang='lat' dir='ltr'>nova</span> 
     </span>
     <span class='ocr_line' id='line_1_45' title="bbox 1224 1386 1604 1427; baseline 0 -11"><span class='ocrx_word' id='word_1_333' title='bbox 1224 1386 1354 1427; x_wconf 83' lang='lat' dir='ltr'>negotia</span> <span class='ocrx_word' id='word_1_334' title='bbox 1378 1388 1604 1417; x_wconf 81' lang='lat' dir='ltr'>commovente.</span> 
     </span>
    </p>

    <p class='ocr_par' dir='ltr' id='par_1_23' title="bbox 1273 1437 1952 1479">
     <span class='ocr_line' id='line_1_46' title="bbox 1273 1437 1952 1479; baseline 0 -10"><span class='ocrx_word' id='word_1_335' title='bbox 1273 1440 1320 1476; x_wconf 87' lang='lat'>14,</span> <span class='ocrx_word' id='word_1_336' title='bbox 1347 1441 1396 1476; x_wconf 91' lang='grc'>11,</span> <span class='ocrx_word' id='word_1_337' title='bbox 1421 1440 1458 1479; x_wconf 69' lang='grc'>4,</span> <span class='ocrx_word' id='word_1_338' title='bbox 1484 1439 1534 1475; x_wconf 88' lang='grc'>18,</span> <span class='ocrx_word' id='word_1_339' title='bbox 1558 1439 1588 1473; x_wconf 90' lang='grc'>4,</span> <span class='ocrx_word' id='word_1_340' title='bbox 1615 1439 1630 1468; x_wconf 96' lang='grc'>1</span> <span class='ocrx_word' id='word_1_341' title='bbox 1656 1437 1787 1469; x_wconf 83' lang='lat' dir='ltr'>consilia</span> <span class='ocrx_word' id='word_1_342' title='bbox 1811 1438 1952 1470; x_wconf 83' lang='lat' dir='ltr'>miscere.</span> 
     </span>
    </p>
   </div>
   <div class='ocr_carea' id='block_1_10' title="bbox 1268 1544 1709 1582">
    <p class='ocr_par' dir='ltr' id='par_1_24' title="bbox 1268 1544 1709 1582">
     <span class='ocr_line' id='line_1_47' title="bbox 1268 1544 1709 1582; baseline -0.007 -6"><span class='ocrx_word' id='word_1_343' title='bbox 1268 1545 1319 1582; x_wconf 87' lang='lat'>25,</span> <span class='ocrx_word' id='word_1_344' title='bbox 1345 1546 1374 1582; x_wconf 79' lang='grc'>2,</span> <span class='ocrx_word' id='word_1_345' title='bbox 1400 1546 1418 1575; x_wconf 83' lang='grc'><strong>3</strong></span> <span class='ocrx_word' id='word_1_346' title='bbox 1443 1544 1574 1575; x_wconf 77' lang='lat' dir='ltr'>obscuro</span> <span class='ocrx_word' id='word_1_347' title='bbox 1598 1544 1709 1574; x_wconf 85' lang='lat' dir='ltr'>noctis.</span> 
     </span>
    </p>
   </div>
   <div class='ocr_carea' id='block_1_11' title="bbox 1222 1649 2064 1846">
    <p class='ocr_par' dir='ltr' id='par_1_25' title="bbox 1266 1649 1759 1689">
     <span class='ocr_line' id='line_1_48' title="bbox 1266 1649 1759 1689; baseline -0.004 -8"><span class='ocrx_word' id='word_1_348' title='bbox 1266 1651 1317 1687; x_wconf 85' lang='lat'>30,</span> <span class='ocrx_word' id='word_1_349' title='bbox 1343 1651 1371 1687; x_wconf 85' lang='lat'>1,</span> <span class='ocrx_word' id='word_1_350' title='bbox 1397 1650 1415 1682; x_wconf 83' lang='lat'>5</span> <span class='ocrx_word' id='word_1_351' title='bbox 1440 1650 1503 1681; x_wconf 85' lang='lat' dir='ltr'>doli</span> <span class='ocrx_word' id='word_1_352' title='bbox 1525 1650 1589 1680; x_wconf 82' lang='lat' dir='ltr'>iam</span> <span class='ocrx_word' id='word_1_353' title='bbox 1613 1649 1759 1689; x_wconf 83' lang='lat' dir='ltr'>prudens.</span> 
     </span>
    </p>

    <p class='ocr_par' dir='ltr' id='par_1_26' title="bbox 1266 1700 1975 1742">
     <span class='ocr_line' id='line_1_49' title="bbox 1266 1700 1975 1742; baseline -0.006 -6"><span class='ocrx_word' id='word_1_354' title='bbox 1266 1704 1318 1741; x_wconf 85' lang='grc'>22,</span> <span class='ocrx_word' id='word_1_355' title='bbox 1346 1704 1375 1741; x_wconf 88' lang='grc'>8,</span> <span class='ocrx_word' id='word_1_356' title='bbox 1403 1704 1439 1734; x_wconf 93' lang='grc'>11</span> <span class='ocrx_word' id='word_1_357' title='bbox 1466 1703 1582 1742; x_wconf 86' lang='lat' dir='ltr'>linguis</span> <span class='ocrx_word' id='word_1_358' title='bbox 1605 1705 1637 1732; x_wconf 87' lang='lat' dir='ltr'>et</span> <span class='ocrx_word' id='word_1_359' title='bbox 1660 1701 1799 1732; x_wconf 86' lang='lat' dir='ltr'>moribus</span> <span class='ocrx_word' id='word_1_360' title='bbox 1824 1700 1975 1741; x_wconf 69' lang='lat' dir='ltr'>dispares,</span> 
     </span>
    </p>

    <p class='ocr_par' dir='ltr' id='par_1_27' title="bbox 1222 1753 2064 1846">
     <span class='ocr_line' id='line_1_50' title="bbox 1265 1753 2064 1794; baseline -0.006 -6"><span class='ocrx_word' id='word_1_361' title='bbox 1265 1758 1317 1794; x_wconf 84' lang='lat'>23,</span> <span class='ocrx_word' id='word_1_362' title='bbox 1347 1758 1377 1794; x_wconf 86' lang='grc'>4,</span> <span class='ocrx_word' id='word_1_363' title='bbox 1412 1757 1451 1788; x_wconf 83' lang='grc'>15</span> <span class='ocrx_word' id='word_1_364' title='bbox 1479 1765 1565 1786; x_wconf 89' lang='lat' dir='ltr'>nunc</span> <span class='ocrx_word' id='word_1_365' title='bbox 1591 1755 1630 1786; x_wconf 85' lang='lat' dir='ltr'>ad</span> <span class='ocrx_word' id='word_1_366' title='bbox 1660 1764 1764 1785; x_wconf 91' lang='lat' dir='ltr'>rerum</span> <span class='ocrx_word' id='word_1_367' title='bbox 1794 1753 1937 1785; x_wconf 86' lang='lat' dir='ltr'>ordinem</span> <span class='ocrx_word' id='word_1_368' title='bbox 1960 1763 2064 1784; x_wconf 84' lang='lat' dir='ltr'>rever-</span> 
     </span>
     <span class='ocr_line' id='line_1_51' title="bbox 1222 1806 2062 1846; baseline -0.006 -5"><span class='ocrx_word' id='word_1_369' title='bbox 1222 1813 1338 1846; x_wconf 70' lang='lat' dir='ltr'>tamur,</span> <span class='ocrx_word' id='word_1_370' title='bbox 1384 1809 1436 1846; x_wconf 83' lang='lat'>27,</span> <span class='ocrx_word' id='word_1_371' title='bbox 1465 1809 1495 1846; x_wconf 86' lang='lat'>3,</span> <span class='ocrx_word' id='word_1_372' title='bbox 1526 1808 1565 1839; x_wconf 86' lang='grc'>15</span> <span class='ocrx_word' id='word_1_373' title='bbox 1597 1818 1678 1838; x_wconf 84' lang='lat' dir='ltr'>uunc</span> <span class='ocrx_word' id='word_1_374' title='bbox 1720 1807 1759 1837; x_wconf 83' lang='lat' dir='ltr'>ad</span> <span class='ocrx_word' id='word_1_375' title='bbox 1796 1816 1898 1837; x_wconf 90' lang='lat' dir='ltr'>rerum</span> <span class='ocrx_word' id='word_1_376' title='bbox 1938 1806 2062 1837; x_wconf 84' lang='lat' dir='ltr'>ordines</span> 
     </span>
    </p>
   </div>
   <div class='ocr_carea' id='block_1_12' title="bbox 1222 1866 1426 1895">
    <p class='ocr_par' dir='ltr' id='par_1_28' title="bbox 1222 1866 1426 1895">
     <span class='ocr_line' id='line_1_52' title="bbox 1222 1866 1426 1895; baseline 0.005 -2"><span class='ocrx_word' id='word_1_377' title='bbox 1222 1866 1426 1895; x_wconf 80' lang='lat' dir='ltr'>revertamur.</span> 
     </span>
    </p>
   </div>
   <div class='ocr_carea' id='block_1_13' title="bbox 1222 2016 2063 2218">
    <p class='ocr_par' dir='ltr' id='par_1_29' title="bbox 1265 2016 1899 2060">
     <span class='ocr_line' id='line_1_53' title="bbox 1265 2016 1899 2060; baseline -0.005 -7"><span class='ocrx_word' id='word_1_378' title='bbox 1265 2023 1317 2059; x_wconf 90' lang='lat'>21,</span> <span class='ocrx_word' id='word_1_379' title='bbox 1344 2022 1393 2058; x_wconf 81' lang='lat'>13,</span> <span class='ocrx_word' id='word_1_380' title='bbox 1417 2022 1436 2052; x_wconf 91' lang='lat'>2</span> <span class='ocrx_word' id='word_1_381' title='bbox 1460 2020 1663 2052; x_wconf 85' lang='lat' dir='ltr'>consiliorum</span> <span class='ocrx_word' id='word_1_382' title='bbox 1688 2016 1899 2060; x_wconf 51' lang='lat' dir='ltr'>ambiguuss)</span> 
     </span>
    </p>

    <p class='ocr_par' dir='ltr' id='par_1_30' title="bbox 1267 2069 1773 2113">
     <span class='ocr_line' id='line_1_54' title="bbox 1267 2069 1773 2113; baseline -0.004 -8"><span class='ocrx_word' id='word_1_383' title='bbox 1267 2076 1318 2113; x_wconf 89' lang='lat'>27,</span> <span class='ocrx_word' id='word_1_384' title='bbox 1343 2075 1373 2112; x_wconf 89' lang='grc'>8,</span> <span class='ocrx_word' id='word_1_385' title='bbox 1398 2075 1417 2106; x_wconf 86' lang='grc'>5</span> <span class='ocrx_word' id='word_1_386' title='bbox 1441 2073 1539 2104; x_wconf 85' lang='lat' dir='ltr'>futuri</span> <span class='ocrx_word' id='word_1_387' title='bbox 1561 2073 1739 2112; x_wconf 86' lang='lat' dir='ltr'>ambiguus.</span> <span class='ocrx_word' id='word_1_388' title='bbox 1750 2069 1773 2111; x_wconf 86' lang='lat'>7)</span> 
     </span>
    </p>

    <p class='ocr_par' dir='ltr' id='par_1_31' title="bbox 1222 2123 2063 2218">
     <span class='ocr_line' id='line_1_55' title="bbox 1270 2123 2063 2164; baseline -0.006 -6"><span class='ocrx_word' id='word_1_389' title='bbox 1270 2128 1319 2164; x_wconf 85' lang='grc'>15,</span> <span class='ocrx_word' id='word_1_390' title='bbox 1343 2127 1373 2164; x_wconf 95' lang='grc'>7,</span> <span class='ocrx_word' id='word_1_391' title='bbox 1408 2128 1425 2157; x_wconf 90' lang='grc'>5</span> <span class='ocrx_word' id='word_1_392' title='bbox 1450 2126 1611 2156; x_wconf 86' lang='lat' dir='ltr'>turbarum</span> <span class='ocrx_word' id='word_1_393' title='bbox 1642 2125 1811 2156; x_wconf 85' lang='lat' dir='ltr'>acerrimus</span> <span class='ocrx_word' id='word_1_394' title='bbox 1835 2124 1993 2160; x_wconf 84' lang='lat' dir='ltr'>concitor;</span> <span class='ocrx_word' id='word_1_395' title='bbox 2024 2123 2063 2154; x_wconf 84' lang='lat' dir='ltr'>cf.</span> 
     </span>
     <span class='ocr_line' id='line_1_56' title="bbox 1222 2176 2062 2218; baseline -0.007 -6"><span class='ocrx_word' id='word_1_396' title='bbox 1222 2182 1274 2218; x_wconf 91' lang='grc'>21,</span> <span class='ocrx_word' id='word_1_397' title='bbox 1303 2181 1352 2216; x_wconf 85' lang='grc'>13,</span> <span class='ocrx_word' id='word_1_398' title='bbox 1380 2181 1418 2211; x_wconf 88' lang='grc'>12</span> <span class='ocrx_word' id='word_1_399' title='bbox 1435 2180 1597 2210; x_wconf 80' lang='lat' dir='ltr'>turbarum</span> <span class='ocrx_word' id='word_1_400' title='bbox 1614 2178 1764 2209; x_wconf 86' lang='lat' dir='ltr'>acerrima</span> <span class='ocrx_word' id='word_1_401' title='bbox 1780 2177 1986 2212; x_wconf 81' lang='lat' dir='ltr'>coneitatrix;</span> <span class='ocrx_word' id='word_1_402' title='bbox 2012 2176 2062 2212; x_wconf 91' lang='lat'>17,</span> 
     </span>
    </p>
   </div>
   <div class='ocr_carea' id='block_1_14' title="bbox 1223 2232 1690 2271">
    <p class='ocr_par' dir='ltr' id='par_1_32' title="bbox 1223 2232 1690 2271">
     <span class='ocr_line' id='line_1_57' title="bbox 1223 2232 1690 2271; baseline -0.011 -5"><span class='ocrx_word' id='word_1_403' title='bbox 1223 2236 1252 2271; x_wconf 78' lang='lat'>9,</span> <span class='ocrx_word' id='word_1_404' title='bbox 1277 2236 1296 2265; x_wconf 87' lang='grc'>5</span> <span class='ocrx_word' id='word_1_405' title='bbox 1320 2233 1482 2264; x_wconf 80' lang='lat' dir='ltr'>turbarum</span> <span class='ocrx_word' id='word_1_406' title='bbox 1507 2232 1690 2263; x_wconf 87' lang='lat' dir='ltr'>concitores.</span> 
     </span>
    </p>
   </div>
   <div class='ocr_carea' id='block_1_15' title="bbox 159 2330 2063 2592">
    <p class='ocr_par' dir='ltr' id='par_1_33' title="bbox 159 2330 2063 2592">
     <span class='ocr_line' id='line_1_58' title="bbox 325 2330 2063 2369; baseline -0.005 -6"><span class='ocrx_word' id='word_1_407' title='bbox 325 2335 345 2369; x_wconf 88' lang='lat'>¹)</span> <span class='ocrx_word' id='word_1_408' title='bbox 365 2337 409 2363; x_wconf 88' lang='lat' dir='ltr'>Sic</span> <span class='ocrx_word' id='word_1_409' title='bbox 429 2338 469 2365; x_wconf 74' lang='lat' dir='ltr'>fit,</span> <span class='ocrx_word' id='word_1_410' title='bbox 491 2340 522 2363; x_wconf 83' lang='lat' dir='ltr'>ut</span> <span class='ocrx_word' id='word_1_411' title='bbox 542 2338 672 2364; x_wconf 85' lang='lat' dir='ltr'>Michaeli</span> <span class='ocrx_word' id='word_1_412' title='bbox 693 2338 742 2364; x_wconf 85' lang='lat' dir='ltr'>illa</span> <span class='ocrx_word' id='word_1_413' title='bbox 762 2338 922 2364; x_wconf 82' lang='lat' dir='ltr'>coniectura</span> <span class='ocrx_word' id='word_1_414' title='bbox 941 2338 1057 2369; x_wconf 64' lang='lat' dir='ltr'>(conten</span> <span class='ocrx_word' id='word_1_415' title='bbox 1079 2338 1111 2363; x_wconf 83' lang='lat' dir='ltr'>H.</span> <span class='ocrx_word' id='word_1_416' title='bbox 1132 2337 1311 2369; x_wconf 83' lang='lat' dir='ltr'>Michael,</span> <span class='ocrx_word' id='word_1_417' title='bbox 1332 2335 1383 2361; x_wconf 87' lang='lat' dir='ltr'>Die</span> <span class='ocrx_word' id='word_1_418' title='bbox 1402 2334 1565 2360; x_wconf 87' lang='lat' dir='ltr'>verlorenen</span> <span class='ocrx_word' id='word_1_419' title='bbox 1585 2333 1692 2359; x_wconf 75' lang='lat' dir='ltr'>Bucher</span> <span class='ocrx_word' id='word_1_420' title='bbox 1711 2332 1758 2357; x_wconf 85' lang='lat' dir='ltr'>des</span> <span class='ocrx_word' id='word_1_421' title='bbox 1772 2330 1934 2357; x_wconf 79' lang='lat' dir='ltr'>Ammianus</span> <span class='ocrx_word' id='word_1_422' title='bbox 1948 2330 2063 2356; x_wconf 81' lang='lat' dir='ltr'>Marcel—</span> 
     </span>
     <span class='ocr_line' id='line_1_59' title="bbox 164 2374 2063 2416; baseline -0.005 -8"><span class='ocrx_word' id='word_1_423' title='bbox 164 2382 245 2408; x_wconf 78' lang='lat' dir='ltr'>linus,</span> <span class='ocrx_word' id='word_1_424' title='bbox 267 2382 379 2408; x_wconf 78' lang='lat' dir='ltr'>Breslau</span> <span class='ocrx_word' id='word_1_425' title='bbox 402 2382 487 2414; x_wconf 80' lang='grc'>1880),</span> <span class='ocrx_word' id='word_1_426' title='bbox 506 2382 569 2408; x_wconf 82' lang='lat' dir='ltr'>aliis</span> <span class='ocrx_word' id='word_1_427' title='bbox 591 2391 701 2415; x_wconf 79' lang='lat' dir='ltr'>quoque</span> <span class='ocrx_word' id='word_1_428' title='bbox 721 2382 893 2416; x_wconf 78' lang='lat' dir='ltr'>argumentis</span> <span class='ocrx_word' id='word_1_429' title='bbox 913 2382 1086 2412; x_wconf 84' lang='lat' dir='ltr'>confirmata,</span> <span class='ocrx_word' id='word_1_430' title='bbox 1114 2381 1291 2407; x_wconf 82' lang='lat' dir='ltr'>Ammianum</span> <span class='ocrx_word' id='word_1_431' title='bbox 1314 2380 1368 2406; x_wconf 88' lang='lat' dir='ltr'>duo</span> <span class='ocrx_word' id='word_1_432' title='bbox 1388 2387 1479 2412; x_wconf 83' lang='lat' dir='ltr'>opera.</span> <span class='ocrx_word' id='word_1_433' title='bbox 1508 2377 1621 2404; x_wconf 82' lang='lat' dir='ltr'>annales</span> <span class='ocrx_word' id='word_1_434' title='bbox 1640 2379 1668 2402; x_wconf 84' lang='lat' dir='ltr'>et</span> <span class='ocrx_word' id='word_1_435' title='bbox 1688 2375 1820 2401; x_wconf 81' lang='lat' dir='ltr'>historias</span> <span class='ocrx_word' id='word_1_436' title='bbox 1839 2374 1987 2408; x_wconf 81' lang='lat' dir='ltr'>scripsisse,</span> <span class='ocrx_word' id='word_1_437' title='bbox 2016 2383 2063 2407; x_wconf 85' lang='lat' dir='ltr'>op-</span> 
     </span>
     <span class='ocr_line' id='line_1_60' title="bbox 164 2418 2062 2460; baseline -0.004 -9"><span class='ocrx_word' id='word_1_438' title='bbox 164 2425 233 2451; x_wconf 82' lang='lat' dir='ltr'>time</span> <span class='ocrx_word' id='word_1_439' title='bbox 255 2426 459 2459; x_wconf 81' lang='lat' dir='ltr'>comprobetur.</span> <span class='ocrx_word' id='word_1_440' title='bbox 481 2440 512 2444; x_wconf 98' lang='lat'><strong>—</strong></span> <span class='ocrx_word' id='word_1_441' title='bbox 533 2424 555 2458; x_wconf 71' lang='grc' dir='ltr'>Σ’-)</span> <span class='ocrx_word' id='word_1_442' title='bbox 575 2426 686 2460; x_wconf 71' lang='lat' dir='ltr'>Vopise.</span> <span class='ocrx_word' id='word_1_443' title='bbox 706 2427 787 2452; x_wconf 87' lang='lat' dir='ltr'>Prob.</span> <span class='ocrx_word' id='word_1_444' title='bbox 807 2427 831 2454; x_wconf 82' lang='lat'>2:</span> <span class='ocrx_word' id='word_1_445' title='bbox 851 2427 885 2451; x_wconf 83' lang='lat' dir='ltr'>cf.</span> <span class='ocrx_word' id='word_1_446' title='bbox 906 2426 1016 2460; x_wconf 82' lang='lat' dir='ltr'>Vopisc.</span> <span class='ocrx_word' id='word_1_447' title='bbox 1038 2425 1178 2451; x_wconf 84' lang='lat' dir='ltr'>Aurelian.</span> <span class='ocrx_word' id='word_1_448' title='bbox 1197 2425 1221 2450; x_wconf 82' lang='lat'>2.</span> <span class='ocrx_word' id='word_1_449' title='bbox 1242 2439 1274 2444; x_wconf 92' lang='lat'><em>-</em></span> <span class='ocrx_word' id='word_1_450' title='bbox 1297 2422 1321 2456; x_wconf 80' lang='lat'>3)</span> <span class='ocrx_word' id='word_1_451' title='bbox 1342 2426 1430 2450; x_wconf 82' lang='lat' dir='ltr'>Amm.</span> <span class='ocrx_word' id='word_1_452' title='bbox 1450 2421 1493 2453; x_wconf 83' lang='lat'>28,</span> <span class='ocrx_word' id='word_1_453' title='bbox 1512 2423 1536 2453; x_wconf 79' lang='lat'>4,</span> <span class='ocrx_word' id='word_1_454' title='bbox 1556 2421 1599 2447; x_wconf 83' lang='lat'>14.</span> <span class='ocrx_word' id='word_1_455' title='bbox 1620 2419 1650 2439; x_wconf 83' lang='grc'>-“</span> <span class='ocrx_word' id='word_1_456' title='bbox 1671 2419 1692 2451; x_wconf 76' lang='grc'>4)</span> <span class='ocrx_word' id='word_1_457' title='bbox 1713 2422 1801 2446; x_wconf 85' lang='lat' dir='ltr'>Amm.</span> <span class='ocrx_word' id='word_1_458' title='bbox 1820 2420 1862 2451; x_wconf 80' lang='lat'>26,</span> <span class='ocrx_word' id='word_1_459' title='bbox 1883 2420 1906 2451; x_wconf 86' lang='lat'>1,</span> <span class='ocrx_word' id='word_1_460' title='bbox 1928 2419 1956 2449; x_wconf 87' lang='lat'>1;</span> <span class='ocrx_word' id='word_1_461' title='bbox 1976 2419 2018 2450; x_wconf 89' lang='lat'>27,</span> <span class='ocrx_word' id='word_1_462' title='bbox 2037 2418 2062 2449; x_wconf 86' lang='lat'>2,</span> 
     </span>
     <span class='ocr_line' id='line_1_61' title="bbox 163 2462 2061 2503; baseline -0.004 -8"><span class='ocrx_word' id='word_1_463' title='bbox 163 2469 195 2495; x_wconf 90' lang='grc'>11</span> <span class='ocrx_word' id='word_1_464' title='bbox 210 2479 216 2495; x_wconf 86' lang='grc'>;</span> <span class='ocrx_word' id='word_1_465' title='bbox 234 2469 299 2496; x_wconf 83' lang='lat' dir='ltr'>Tac.</span> <span class='ocrx_word' id='word_1_466' title='bbox 319 2478 382 2496; x_wconf 82' lang='lat' dir='ltr'>ann.</span> <span class='ocrx_word' id='word_1_467' title='bbox 406 2471 446 2501; x_wconf 83' lang='lat'>13,</span> <span class='ocrx_word' id='word_1_468' title='bbox 465 2470 507 2496; x_wconf 88' lang='grc'>31.</span> <span class='ocrx_word' id='word_1_469' title='bbox 527 2484 560 2489; x_wconf 81' lang='lat'>—-</span> <span class='ocrx_word' id='word_1_470' title='bbox 579 2469 604 2499; x_wconf 75' lang='lat'>5)</span> <span class='ocrx_word' id='word_1_471' title='bbox 625 2472 711 2496; x_wconf 77' lang='lat' dir='ltr'>Amm.</span> <span class='ocrx_word' id='word_1_472' title='bbox 734 2471 774 2501; x_wconf 84' lang='lat'>14,</span> <span class='ocrx_word' id='word_1_473' title='bbox 797 2471 837 2498; x_wconf 84' lang='lat'>11.</span> <span class='ocrx_word' id='word_1_474' title='bbox 856 2471 890 2496; x_wconf 84' lang='grc'>27</span> <span class='ocrx_word' id='word_1_475' title='bbox 909 2479 963 2503; x_wconf 75' lang='lat' dir='ltr'>sq.;</span> <span class='ocrx_word' id='word_1_476' title='bbox 983 2471 1025 2496; x_wconf 85' lang='lat'>21.</span> <span class='ocrx_word' id='word_1_477' title='bbox 1046 2470 1092 2499; x_wconf 83' lang='lat'>16;</span> <span class='ocrx_word' id='word_1_478' title='bbox 1112 2470 1153 2497; x_wconf 71' lang='lat'>25,</span> <span class='ocrx_word' id='word_1_479' title='bbox 1172 2470 1207 2501; x_wconf 82' lang='lat'>43</span> <span class='ocrx_word' id='word_1_480' title='bbox 1237 2468 1394 2501; x_wconf 76' lang='lat'>25,10,14</span> <span class='ocrx_word' id='word_1_481' title='bbox 1412 2476 1466 2500; x_wconf 80' lang='lat' dir='ltr'>sq.;</span> <span class='ocrx_word' id='word_1_482' title='bbox 1495 2465 1536 2492; x_wconf 86' lang='lat'>30.</span> <span class='ocrx_word' id='word_1_483' title='bbox 1556 2465 1640 2495; x_wconf 84' lang='lat'>7-9;</span> <span class='ocrx_word' id='word_1_484' title='bbox 1669 2465 1710 2496; x_wconf 73' lang='lat'>31,</span> <span class='ocrx_word' id='word_1_485' title='bbox 1733 2464 1773 2490; x_wconf 74' lang='lat'>14.</span> <span class='ocrx_word' id='word_1_486' title='bbox 1788 2478 1820 2483; x_wconf 89' lang='lat'><strong>—</strong></span> <span class='ocrx_word' id='word_1_487' title='bbox 1834 2462 2061 2497; x_wconf 79' lang='lat' dir='ltr'>⁶)W0eff1in,</span> 
     </span>
     <span class='ocr_line' id='line_1_62' title="bbox 164 2505 2062 2553; baseline -0.005 -12"><span class='ocrx_word' id='word_1_488' title='bbox 164 2514 326 2547; x_wconf 79' lang='lat' dir='ltr'>Philologus</span> <span class='ocrx_word' id='word_1_489' title='bbox 347 2515 387 2546; x_wconf 83' lang='lat'>29,</span> <span class='ocrx_word' id='word_1_490' title='bbox 408 2514 466 2540; x_wconf 85' lang='lat'>558.</span> <span class='ocrx_word' id='word_1_491' title='bbox 484 2528 513 2531; x_wconf 94' lang='lat'><strong>—</strong></span> <span class='ocrx_word' id='word_1_492' title='bbox 528 2512 552 2545; x_wconf 73' lang='lat'>⁷)</span> <span class='ocrx_word' id='word_1_493' title='bbox 572 2515 703 2546; x_wconf 84' lang='lat' dir='ltr'>Waitz,</span> <span class='ocrx_word' id='word_1_494' title='bbox 724 2515 885 2547; x_wconf 78' lang='lat' dir='ltr'>Philologus</span> <span class='ocrx_word' id='word_1_495' title='bbox 904 2514 945 2545; x_wconf 60' lang='lat'>36.</span> <span class='ocrx_word' id='word_1_496' title='bbox 965 2514 1024 2540; x_wconf 81' lang='lat'>634.</span> <span class='ocrx_word' id='word_1_497' title='bbox 1040 2527 1071 2531; x_wconf 87' lang='lat'>-</span> <span class='ocrx_word' id='word_1_498' title='bbox 1084 2511 1105 2545; x_wconf 72' lang='lat'>¹²)</span> <span class='ocrx_word' id='word_1_499' title='bbox 1125 2513 1165 2539; x_wconf 83' lang='lat' dir='ltr'>Cf.</span> <span class='ocrx_word' id='word_1_500' title='bbox 1186 2513 1289 2539; x_wconf 88' lang='lat' dir='ltr'>Erdm</span> <span class='ocrx_word' id='word_1_501' title='bbox 1301 2521 1384 2538; x_wconf 81' lang='lat' dir='ltr'>anu.</span> <span class='ocrx_word' id='word_1_502' title='bbox 1407 2511 1460 2536; x_wconf 89' lang='lat' dir='ltr'>Der</span> <span class='ocrx_word' id='word_1_503' title='bbox 1479 2509 1626 2536; x_wconf 82' lang='lat' dir='ltr'>Gebrauch</span> <span class='ocrx_word' id='word_1_504' title='bbox 1646 2508 1695 2534; x_wconf 86' lang='lat' dir='ltr'>der</span> <span class='ocrx_word' id='word_1_505' title='bbox 1714 2507 1899 2534; x_wconf 75' lang='lat' dir='ltr'>lateinischen</span> <span class='ocrx_word' id='word_1_506' title='bbox 1914 2505 2062 2553; x_wconf 78' lang='lat' dir='ltr'>Adiectiva</span> 
     </span>
     <span class='ocr_line' id='line_1_63' title="bbox 159 2550 2060 2592; baseline -0.005 -8"><span class='ocrx_word' id='word_1_507' title='bbox 159 2559 212 2585; x_wconf 92' lang='lat' dir='ltr'>mit</span> <span class='ocrx_word' id='word_1_508' title='bbox 234 2558 296 2585; x_wconf 86' lang='lat' dir='ltr'>dem</span> <span class='ocrx_word' id='word_1_509' title='bbox 317 2559 437 2585; x_wconf 80' lang='lat' dir='ltr'>Genitiv.</span> <span class='ocrx_word' id='word_1_510' title='bbox 458 2568 484 2592; x_wconf 87' lang='lat' dir='ltr'>p.</span> <span class='ocrx_word' id='word_1_511' title='bbox 507 2559 545 2584; x_wconf 86' lang='grc'>19.</span> <span class='ocrx_word' id='word_1_512' title='bbox 567 2573 595 2576; x_wconf 74' lang='lat'><em>—</em></span> <span class='ocrx_word' id='word_1_513' title='bbox 619 2557 643 2586; x_wconf 72' lang='lat' dir='ltr'>S&gt;</span> <span class='ocrx_word' id='word_1_514' title='bbox 663 2559 727 2585; x_wconf 84' lang='lat' dir='ltr'>Cod.</span> <span class='ocrx_word' id='word_1_515' title='bbox 749 2559 820 2585; x_wconf 86' lang='lat' dir='ltr'>Med.</span> <span class='ocrx_word' id='word_1_516' title='bbox 839 2559 969 2591; x_wconf 86' lang='lat' dir='ltr'>praebet:</span> <span class='ocrx_word' id='word_1_517' title='bbox 1002 2556 1175 2587; x_wconf 72' lang='lat' dir='ltr'>»concitor«;</span> <span class='ocrx_word' id='word_1_518' title='bbox 1204 2565 1299 2582; x_wconf 87' lang='lat' dir='ltr'>verum</span> <span class='ocrx_word' id='word_1_519' title='bbox 1320 2565 1352 2582; x_wconf 79' lang='lat' dir='ltr'>ex</span> <span class='ocrx_word' id='word_1_520' title='bbox 1373 2554 1513 2580; x_wconf 82' lang='lat' dir='ltr'>Ammiani</span> <span class='ocrx_word' id='word_1_521' title='bbox 1540 2553 1600 2579; x_wconf 88' lang='lat' dir='ltr'>loco</span> <span class='ocrx_word' id='word_1_522' title='bbox 1620 2553 1729 2578; x_wconf 79' lang='lat' dir='ltr'>Heraei.</span> <span class='ocrx_word' id='word_1_523' title='bbox 1749 2551 1866 2577; x_wconf 80' lang='lat' dir='ltr'>aliorum</span> <span class='ocrx_word' id='word_1_524' title='bbox 1887 2550 2060 2576; x_wconf 76' lang='lat' dir='ltr'>emendatio:</span> 
     </span>
    </p>
   </div>
   <div class='ocr_carea' id='block_1_16' title="bbox 167 2601 1209 2630">
    <p class='ocr_par' dir='ltr' id='par_1_34' title="bbox 167 2601 1209 2630">
     <span class='ocr_line' id='line_1_64' title="bbox 167 2601 1209 2630; baseline -0.001 -1"><span class='ocrx_word' id='word_1_525' title='bbox 167 2603 322 2630; x_wconf 65' lang='lat' dir='ltr'>»conciter«</span> <span class='ocrx_word' id='word_1_526' title='bbox 345 2605 442 2629; x_wconf 77' lang='lat' dir='ltr'>eontra.</span> <span class='ocrx_word' id='word_1_527' title='bbox 462 2603 567 2629; x_wconf 74' lang='lat' dir='ltr'>Halmii</span> <span class='ocrx_word' id='word_1_528' title='bbox 587 2603 790 2629; x_wconf 79' lang='lat' dir='ltr'>coniecturam:</span> <span class='ocrx_word' id='word_1_529' title='bbox 814 2602 999 2629; x_wconf 77' lang='lat' dir='ltr'>»concitator«</span> <span class='ocrx_word' id='word_1_530' title='bbox 1022 2601 1209 2628; x_wconf 78' lang='lat' dir='ltr'>confirmatur.</span> 
     </span>
    </p>
   </div>
  </div>
 </body>
</html>
