2197 2958
1059 290 1100 322 13

125 408 188 429 non
225 397 317 429 modo
354 408 427 429 ann.
456 396 503 433 14,
540 398 582 428 35
608 399 638 427 et
661 397 713 434 36,
749 397 803 428 sed
839 397 933 427 etiam
959 395 1087 437 Calgaci
1123 401 1153 428 et
1178 397 1344 439 Agricolae
1380 398 1541 429 orationes
1566 398 1640 439 Agr.
1679 401 1718 430 30
1743 411 1789 441 sq.
1818 403 1892 432 ante
1917 401 2025 433 oculos

124 451 333 482 versabantur
344 460 351 480 :

441 515 567 547 Cassius
593 515 653 547 Dio
1070 517 1072 532 '
1308 514 1311 517 ’
1542 517 1671 550 Tacitus

171 571 222 607 62,
247 571 277 609 5,
302 571 320 601 2
350 569 517 612 φοβεῖσθε
544 570 579 601 δὲ
609 570 762 608 μηδαμῶς
793 566 867 604 τους
894 568 968 600 Ρω-
1229 570 1305 611 Agr.
1332 570 1373 601 32
1398 581 1437 601 an
1464 571 1595 602 eandem
1621 571 1774 603 Romanis
1803 574 1834 603 in
1859 573 1940 604 bello
1965 575 2027 605 vir-

133 626 263 662 μαιόυς,
307 620 383 654 οὔτε
413 621 477 664 γὰρ
507 624 632 658 πλείους
664 622 753 661 »ἡμῶν
788 624 867 653 εἰσιν
903 620 970 653 οὔτ’
1183 623 1295 659 tutem,
1329 632 1422 663 quam
1449 624 1479 654 in
1503 634 1580 664 paee
1602 623 1762 655 lasciviam
1788 635 1854 655 esse
1878 625 2027 657 creditis?

125 675 337 718 ἀνδρειότεροι
361 676 402 709 of.
427 687 452 710 c.
478 678 508 710 6.
1185 699 1321 707 ......
1349 679 1456 707 metus
1478 686 1514 706 ao
1538 680 1639 707 terror
1667 681 1739 708 sunt
1772 678 1893 708 infirma
1926 679 2029 709 vincla

1185 729 1343 765 caritatis;
1380 739 1460 770 quae
1482 728 1536 760 ubi
1561 729 1739 767 removeris,
1765 731 1817 771 qui
1841 731 1953 762 timere
1976 731 2029 762 de·

1185 781 1305 819 sierint,
1332 781 1435 812 odisse
1458 781 1622 823 incipient.

167 838 219 875 62,
256 838 286 875 5,
323 838 341 868 6
375 838 428 868 καὶ
464 835 525 875 μὴν
559 838 612 868 καὶ
648 833 690 867 τά
725 838 830 877 χωρία
864 836 970 867 ταῦτα
1071 863 1072 878 ³
1229 834 1306 875 Agr.
1332 835 1373 866 32
1398 845 1513 876 paucos
1546 844 1686 872 numero,
1719 835 1860 866 locorum
1890 834 2029 877 trepidos

123 889 201 928 ἡμῖν
224 891 280 929 μὲν
304 889 435 927 συνήθη
459 890 513 921 καὶ
538 887 707 928 σύμμαχα,
731 891 861 925 ἐκείνοις
882 890 915 920 δὲ
932 887 970 926 ὃν)
1071 922 1072 928 ¹
1186 886 1378 927 ignorantia,
1409 888 1528 919 caelum
1557 887 1660 930 ipsum
1693 900 1727 920 ac
1759 900 1843 920 mare
1868 893 1898 920 et
1922 890 2028 927 silvas,

128 942 280 982 ἄγνωστα
303 944 356 974 καὶ
381 944 524 980 πολέμια.
1185 941 1296 980 ignota
1321 941 1425 972 omnia
1449 941 1565 973 circum
1591 945 1782 984 spectantes,
1807 943 1930 974 clausos
1954 953 2030 984 quo·

1071 986 1073 991 ’
1185 994 1352 1026 dammodo
1376 1006 1413 1026 ac
1436 996 1560 1027 vinctos
1584 994 1616 1026 di
1641 995 1733 1027 nobis
1757 997 1964 1029 tradiderunt.

178 1050 229 1086 62,
255 1050 283 1085 9,
312 1051 323 1079 1
352 1048 502 1085 πολλάκις
537 1060 583 1079 τοι
619 1049 682 1079 τῶν
715 1049 773 1080 νῦν
805 1047 970 1090 παρόντων
1230 1049 1308 1088 Agr.
1334 1049 1373 1079 33
1400 1048 1553 1090 septimus
1577 1059 1678 1080 annus
1702 1052 1759 1087 est,
1789 1050 2030 1089 commilitones,

125 1100 278 1138 ἐλάττους
313 1101 402 1138 ὄντες
425 1098 507 1134 πολυ
530 1103 674 1138 πλείονας
697 1099 893 1138 ἀντιπάλους
917 1104 970 1134 καὶ
1071 1094 1073 1112 ³
1186 1114 1223 1134 ex
1248 1113 1309 1144 quo
1346 1103 1463 1133 virtute
1497 1106 1529 1133 et
1564 1102 1712 1143 auspiciis
1747 1102 1871 1144 imperii
1895 1103 2031 1135 Romani

126 1155 217 1195 ’ὑμεῖς
240 1155 332 1188 αὐτοὶ
356 1157 411 1187 καὶ
434 1158 464 1187 οἰ
486 1158 621 1197 πατέρες
644 1156 733 1194 Ιὑμῶν
755 1158 911 1193 ἐνίκησαν.
1071 1154 1073 1161 ‘
1189 1157 1250 1187 fide
1275 1158 1370 1197 atque
1394 1165 1487 1196 opera
1512 1159 1616 1187 vestra
1641 1155 1838 1187 Britanniam
1864 1156 1992 1188 vicistis.

283 1218 341 1249 [lla
366 1218 512 1260 exempla
537 1218 740 1260 exscripsisse
764 1218 918 1256 sufficiat;
942 1222 1103 1260 praeterea
1127 1218 1235 1250 confer
1273 1218 1332 1248 Dio
1357 1218 1408 1253 62,
1433 1218 1468 1248 3:
1495 1218 1570 1259 Agr.
1596 1218 1653 1251 30:
1680 1218 1730 1252 62,
1755 1218 1784 1253 4,
1809 1219 1845 1248 2:
1871 1219 1947 1259 Agr.
1975 1219 2032 1255 10;

130 1272 182 1310 62,
206 1271 236 1310 9,
261 1272 298 1308 2‚·
335 1270 386 1310 62,
416 1272 466 1308 11,
492 1273 532 1303 3:
568 1272 645 1313 Agr.
671 1273 724 1304 34.
771 1272 818 1303 Ex
843 1273 896 1306 eis,
931 1282 1012 1313 quae
1042 1272 1080 1304 de
1115 1272 1201 1303 urbis
1226 1271 1345 1302 Romae
1375 1271 1519 1302 incendio
1544 1271 1733 1302 referuntur.
1767 1272 1841 1302 haec
1866 1273 2030 1313 praecipue

124 1325 295 1357 adnotavi:

445 1391 571 1423 Cassius
596 1392 665 1423 Dio·
1074 1392 1075 1403 ¹
1548 1390 1677 1422 Tacitus

173 1446 225 1483 62,
251 1446 302 1483 17,
329 1448 346 1477 2
370 1443 494 1481 πάντας
518 1445 553 1475 δὲ
577 1445 655 1481 τους
679 1442 806 1481 λοιπούς
829 1443 974 1482 ἑστῶτας
1232 1456 1305 1476 ann.
1333 1445 1382 1481 15,
1423 1445 1461 1475 41
1489 1445 1637 1476 domuum
1674 1448 1705 1475 et
1741 1445 1963 1476 insularum
2001 1450 2031 1477 et

127 1509 189 1530 που
222 1502 254 1530 ἐν
284 1498 429 1541 ἀσφαλεῖ
457 1510 518 1529 τινι
548 1498 640 1537 ὁρᾶν,
665 1495 768 1539 ὥσπερ
790 1496 975 1541 νήσουςῙ)
1189 1499 1388 1539 templorum,
1414 1509 1493 1539 quae
1517 1499 1634 1528 amissa
1659 1501 1742 1534 sunt,
1766 1508 1929 1530 numerum
1953 1498 2032 1531 inire

127 1552 215 1587 τινὰς
250 1553 305 1583 καὶ
341 1548 444 1587 πόλεις
468 1549 536 1590 ἅμα
560 1550 678 1587 πολλάς
702 1553 899 1593 φλεγομένας
921 1553 976 1583 καὶ
1188 1551 1273 1582 haud
1298 1554 1478 1593 promptum
1504 1552 1599 1582 fuerit
1612 1574 1815 1584 ..........
1845 1551 1953 1590 Fuere,
1979 1553 2032 1594 qui

128 1607 175 1637 ἐπὶ
198 1607 254 1644 μὲν
277 1611 344 1640 τοῖς
367 1607 534 1647 σφετέροις
557 1605 653 1643 μηδὲν
669 1605 712 1635 ἔτι
729 1606 913 1643 λυπεῖσθαι,
938 1603 975 1637 τὸ
1187 1605 1377 1636 adnotarent
1409 1608 1558 1646 quartum
1590 1604 1744 1636 decimum
1776 1604 1933 1636 Kalendas
1958 1604 2033 1637 Sex-

129 1659 164 1690 δὲ
210 1658 364 1698 δημόσιον
409 1658 623 1699 ὀδυρομένους
661 1657 976 1697 ἀναμιμνήσκεσθαι,
1076 1653 1077 1657 ’
1187 1658 1259 1689 tiles
1284 1657 1474 1699 principium
1498 1657 1636 1689 incendii
1660 1659 1752 1689 huius
1777 1661 1892 1696 ortum,
1917 1669 1979 1700 quo
2004 1662 2034 1690 et

128 1709 175 1743 ὅτι
199 1713 254 1743 καὶ
276 1709 429 1753 πρότερόν
459 1722 534 1742 ποτε
567 1711 672 1747 οὕτως
698 1708 760 1743 υπὸ
783 1713 842 1743 τῶν
866 1713 974 1744 Γαλα-
1189 1712 1329 1743 Senones
1343 1713 1468 1753 captam
1481 1711 1877 1743 urbeminflammaverint.
1895 1713 2032 1745 ef.c.43.

131 1766 193 1797 τῶν
216 1762 253 1797 τὸ
276 1766 382 1797 πλεῖον
406 1765 462 1803 τῆς
485 1762 603 1800 πόλεως
626 1764 802 1808 (διεφθάρη.
1076 1774 1079 1786 ·

173 1821 224 1857 62,
252 1819 302 1856 18,
329 1820 342 1851 1
370 1819 425 1850 καὶ
450 1818 507 1856 τὴν
535 1817 651 1856 σκευὴν
674 1817 731 1856 τὴν
754 1816 976 1860 κιθαρῳδικὴν
1233 1830 1306 1851 ann.
1326 1819 1375 1856 15,
1402 1817 1443 1850 39
1468 1821 1649 1859 pervaserat
1665 1828 1781 1856 rumor,
1804 1818 1874 1860 ipso
1892 1822 2034 1860 tempore

134 1871 247 1913 λαβὼν
270 1869 344 1913 ᾖσεν
360 1872 491 1910 ἅλωσιν,
517 1872 569 1908 ώς
592 1874 659 1911 μὲν
682 1872 810 1908 αὐτὸς
833 1874 974 1912 ἔλεγεν,
1190 1871 1355 1913 flagrantis
1380 1871 1465 1903 urbis
1498 1873 1594 1903 inisse
1627 1882 1697 1903 eum
1722 1872 1927 1904 domesticam
1951 1883 2035 1903 scae-

125 1925 260 1964 Ὶλιόυ,
285 1924 334 1961 ὠς
357 1926 399 1956 δὲ
423 1925 589 1967 ἑωρᾶτο,
612 1924 756 1964 Ῥώμης.
1190 1937 1263 1956 nam
1289 1928 1320 1956 et
1344 1924 1558 1956 cecinisse
1581 1925 1798 1957 Troianum
1823 1926 2033 1963 excidium,

1190 1979 1426 2021 praesentia
1450 1978 1548 2010 mala
1572 1979 1749 2010 vetustis
1769 1980 1961 2021 gladibus
1977 1979 2037 2010 ad-

1191 2033 1462 2064 simulantem.

292 2093 330 2125 In
369 2094 472 2132 rebUS‚
509 2105 589 2134 quae
613 2093 671 2125 sub
695 2093 797 2126 Galba
824 2097 916 2135 gesta
944 2097 1032 2132 sunt,
1065 2095 1231 2126 narrandis
1267 2094 1328 2125 Dio
1362 2095 1468 2135 potius
1505 2093 1725 2133 Plutarchum,
1761 2106 1855 2136 quam
1891 2094 2035 2126 Tacitum

138 2147 315 2187 inspexisse
338 2147 478 2184 videtur,
510 2148 660 2188 quoniam
685 2150 716 2178 et
744 2148 776 2178 in
801 2147 926 2178 Pisonis
950 2148 1120 2189 adoptione
1148 2151 1180 2179 et
1208 2146 1345 2179 Othonis
1374 2148 1474 2179 initiis
1503 2148 1785 2179 commemorandis
1815 2147 1889 2187 (Dio
1919 2149 1976 2185 64,
2001 2148 2037 2189 5)

134 2199 337 2231 Plutarchum
363 2201 529 2232 imitatum*
548 2210 627 2237 esse,
653 2203 684 2231 et
707 2199 739 2231 in
764 2201 857 2231 caede
880 2200 973 2232 huius
996 2201 1197 2242 imperatoris
1220 2202 1426 2243 proponenda
1451 2201 1526 2243 (Dio
1551 2202 1602 2239 64,
1628 2202 1670 2239 6),
1695 2204 1730 2233 ut
1757 2203 1820 2233 iam
1846 2212 1940 2242 snpra
1963 2213 1991 2243 p.
2018 2204 2036 2234 3

135 2254 347 2294 exposuimus,
372 2253 537 2293 Plutarchi
561 2263 698 2284 errorem
723 2264 760 2284 ex
785 2253 887 2284 Taciti
912 2254 1014 2285 verbis
1042 2256 1246 2286 commissum
1276 2255 1428 2296 repetisse
1461 2253 1594 2287 videtur.
1642 2254 1758 2286 Verum
1788 2255 1864 2286 haec
1895 2255 2037 2296 exempla

136 2315 201 2337 non
226 2307 507 2348 praetermittenda
531 2317 598 2338 esse
621 2306 710 2337 duxi:

293 2359 354 2390 Dio
382 2360 436 2397 64,
464 2361 478 2391 1
506 2359 559 2401 (cf.
585 2359 647 2391 Dio
671 2360 723 2398 57,
751 2360 804 2398 19)
829 2374 868 2386 =
894 2370 968 2392 ann.
993 2360 1022 2399 6,
1047 2361 1089 2392 20
1112 2360 1248 2402 (Tiberii
1272 2361 1310 2392 de
1334 2360 1436 2393 Galba
1459 2362 1683 2403 praesagium).

294 2412 355 2444 Dio
389 2413 442 2451 64,
466 2413 496 2450 3,
524 2414 541 2444 3
567 2428 605 2440 =
632 2413 707 2445 hist.
734 2413 761 2451 1,
787 2412 807 2444 5
831 2412 965 2454 (Galbae
987 2413 1117 2452 dictum,
1141 2414 1204 2455 legi
1229 2425 1246 2445 a
1270 2425 1303 2445 se
1326 2414 1470 2453 militem,
1497 2424 1560 2446 non
1585 2414 1671 2450 emi).

296 2536 316 2570 1)
339 2538 552 2565 Perversissime
571 2538 660 2572 igitur
684 2538 792 2565 Cassius
820 2538 871 2564 Dio
898 2538 1028 2564 verbum:
1062 2538 1181 2564 ›insulao
1210 2547 1226 2564 a
1242 2539 1350 2565 -Tacito
1376 2538 1569 2572 metaphorieo
1594 2546 1673 2563 sensu
1701 2536 1860 2563 adhibitum
1888 2535 2043 2563 intellexit:

146 2583 279 2615 conferas,
299 2590 411 2615 quaeso.
430 2583 516 2609 etiam
536 2583 611 2610 locos
630 2591 714 2617 supra
733 2592 760 2616 p.
782 2582 814 2608 10
833 2584 901 2609 nota
919 2583 936 2609 3
954 2583 1117 2616 exscriptos.
