2234 2902
1026 227 1068 258 33

256 331 452 364 Sidonius
476 330 781 373 Apollinaris¹)
813 341 846 363 se
877 331 1083 363 historiarum
1118 332 1215 363 libros
1245 331 1359 373 legisse
1383 333 1518 371 primum
1543 333 1575 363 in
1601 342 1648 373 ep.
1675 335 1704 370 4,
1729 333 1770 364 22
1794 332 1857 374 (ed.
1885 333 1995 375 Baret)

97 385 146 418 his
169 386 273 418 verbis
295 396 332 417 ex
364 386 505 416 oratione
528 383 659 415 Tacitea
681 384 769 426 (hist.
794 386 824 421 5,
848 385 902 424 26)
939 386 1073 426 sumptis
1105 385 1260 415 illustrat:
1303 383 1356 415 »C.
1383 383 1522 422 Tacitus,
1554 395 1635 416 unus
1668 395 1685 416 e
1717 386 1887 417 maioribus
1919 387 1993 423 tuis,

96 438 303 481 Ulpianorum
334 441 512 479 temporum
542 436 724 475 consularis,
756 437 815 469 sub
847 438 949 469 verbis
981 439 1154 478 cuiuspiam
1179 436 1359 468 Germanici
1388 437 1475 468 ducis
1498 438 1528 468 in
1554 436 1690 469 historia
1722 439 1844 470 rettulit
1868 439 1991 470 dicens:

97 503 166 523 cnm
191 491 384 533 Vespasiano
415 490 492 521 mihi
524 493 612 521 vetus
636 490 783 528 amicitia,
816 494 848 522 et
874 491 947 522 dum
971 492 1113 532 privatus
1139 493 1229 526 esset,
1255 490 1346 521 amici
1372 489 1619 530 vocabamnr«2).
1668 492 1775 533 Atque
1807 503 1876 523 cum
1909 492 1994 523 infra

96 545 128 577 in
154 545 260 577 eadem
283 544 418 585 epistula
441 543 571 574 scribat:
598 542 699 574 »Nam
724 546 849 574 tuorum
874 543 1006 585 peritiae
1030 546 1230 584 comparatus
1255 553 1317 574 non
1343 543 1443 574 solum
1461 542 1683 575 Cornelios
1708 549 1914 582 oratores,
1939 546 1991 576 sed

96 599 254 630 Ausonios
276 606 400 638 quoque
423 599 533 637 poetas
557 596 680 627 vincere
703 599 824 637 potes«,
851 596 1037 628 Eumenium
1054 607 1178 638 quoque
1195 597 1354 627 rhetorem
1372 600 1403 627 et
1420 595 1590 627 Paulinum
1610 596 1781 635 Nolanum,
1806 599 1991 639 scriptorem

96 651 347 686 ecclesiasticum,
365 650 449 680 viros
465 660 503 680 ex
520 650 626 680 eadem
643 652 738 690 gente
755 653 850 687 ortos,
868 651 922 691 qui
939 661 1014 681 num
1028 649 1140 681 Tacito
1159 650 1206 680 usi
1223 651 1287 680 sint
1303 660 1397 690 supra
1413 650 1446 680 in
1461 649 1562 680 medio
1575 649 1695 691 reliqui,
1714 650 1797 681 hunc
1811 663 1847 682 ex
1865 651 1992 693 dialogo

94 706 132 737 de
148 703 323 736 oratoribus
339 703 542 739 locutionem,
559 702 647 733 illum
665 713 702 733 ex
719 702 825 734 libello
844 704 1008 743 Agricolae
1022 714 1070 734 res
1088 703 1262 734 narrandas
1279 702 1421 733 hausisse
1434 703 1603 734 admodum
1620 703 1780 744 probabile
1799 705 1844 736 fit.
1871 704 1991 736 Deinde

95 758 257 790 Sidonium
281 755 482 787 historiarum
507 755 656 786 librorum
681 756 793 787 studiis
816 757 943 796 penitus
966 757 1107 793 deditum
1134 756 1229 787 luisse
1254 766 1291 787 ex
1315 756 1380 786 eius
1397 766 1444 797 ep.
1462 756 1492 792 4,
1516 756 1559 787 24
1584 755 1695 793 elucet,
1720 767 1781 797 quo
1806 757 1874 788 loco
1899 758 1990 788 simul

95 811 196 843 Taciti
219 809 355 851 epistula
378 808 417 839 ad
441 807 579 839 Plinium
602 808 693 839 nobis
717 808 881 850 deperdita
904 809 1116 849 significatur:
1156 808 1322 840 »Sidonius
1349 808 1448 839 Leoni
1472 808 1556 850 (scil.
1588 808 1802 850 Narbonensi)
1827 822 1882 841 sno
1907 811 1990 843 salu-

93 871 167 896 tem.
212 862 270 894 Vir
294 862 481 902 magnificus
505 861 677 902 Hesperius
697 886 832 895 ......
856 863 1033 903 praecipere
1057 865 1089 893 te
1113 862 1199 899 dicit,
1224 864 1258 893 ut
1282 862 1488 903 epistolarum
1512 873 1618 893 curam
1634 886 1768 895 ......
1794 867 1990 896 convertere-

93 927 161 948 mus
185 916 224 946 ad
248 913 364 956 stylum
389 913 538 945 historiae
555 939 690 948 ......
714 914 777 945 Res
800 914 925 956 quidem
949 915 1055 957 digna,
1081 925 1174 956 quam
1199 918 1233 946 tu
1265 915 1398 950 iuberes,
1432 915 1485 946 sed
1519 926 1582 946 non
1615 916 1722 947 minus
1756 916 1861 957 digna,
1894 927 1987 958 quam

91 970 219 1001 faceres.
265 967 410 1008 Namque
434 970 465 998 et
488 967 671 1009 antiquitus,
695 978 792 1009 quum
817 967 850 1000 C.
874 967 1037 999 Cornelius
1055 967 1087 1000 C.
1107 967 1250 999 Secundo
1274 969 1363 1009 paria
1393 968 1552 1006 suasisset,
1577 969 1646 1009 ipse
1670 970 1882 1009 postmodnm,
1907 971 1989 1011 quod

91 1022 239 1060 iniunxit,
263 1022 408 1062 arripuit.
455 1020 552 1061 quue
575 1020 615 1051 ab
638 1021 781 1062 exemplo
806 1031 890 1052 nnnc
914 1032 963 1052 me
994 1022 1106 1052 melius
1137 1022 1328 1062 aggrederis,
1361 1023 1435 1062 quia
1467 1025 1498 1053 et
1529 1032 1587 1063 ego
1620 1021 1721 1053 Plinio
1754 1026 1788 1053 ut
1819 1023 1988 1064 discipulus

89 1085 219 1115 assurgo
242 1075 274 1105 et
297 1078 331 1105 tu
356 1076 481 1104 vetusto
505 1084 618 1114 genere
642 1074 787 1104 narrandi
819 1074 884 1105 iure
910 1072 1099 1108 Cornelium
1131 1076 1312 1106 antevenis:
1352 1075 1405 1116 qui
1437 1076 1560 1106 saeculo
1592 1078 1701 1106 nostro
1733 1077 1758 1106 si
1790 1077 1990 1107 revivisceret

89 1134 182 1169 teque
206 1127 306 1169 qualis
330 1128 361 1158 in
386 1127 500 1157 litteris
524 1129 555 1157 et
579 1130 716 1168 quantus
740 1127 875 1158 habeare
899 1128 1144 1168 conspicaretur,
1169 1128 1261 1158 modo
1286 1127 1388 1158 verius
1413 1129 1527 1159 tacitus
1552 1133 1664 1161 esset«
1715 1129 1858 1170 Denique
1885 1130 1930 1161 bis
1956 1132 1986 1161 in

89 1180 283 1212 carminibus
301 1179 445 1211 Tacitum
470 1179 576 1210 laudat
593 1179 739 1210 Sidonius
757 1180 960 1221 Apollinaris.
993 1179 1129 1211 Carmm.
1154 1182 1206 1218 22,
1233 1182 1295 1212 190
1318 1192 1364 1221 sq.
1391 1181 1437 1213 ed.
1464 1181 1574 1212 Baret:
1599 1180 1665 1218 Qua
1683 1181 1810 1223 Crispus
1836 1183 1989 1215 brevitate

88 1235 200 1276 placet,
225 1244 286 1275 quo
310 1233 448 1274 pondere
464 1232 575 1270 Varro,
599 1231 666 1269 Quo
689 1233 782 1273 genio
802 1232 939 1270 Plautus,
965 1244 1027 1274 quo
1045 1233 1177 1264 fulmine
1194 1232 1418 1270 Quintilianus,
1444 1234 1511 1270 Qua
1536 1245 1651 1275 pompa
1669 1235 1798 1266 Tacitus
1817 1246 1986 1277 numquam

88 1289 155 1318 sine
178 1287 269 1318 laude
292 1286 476 1327 loquendus.
523 1284 658 1316 Carmm.
684 1286 733 1322 20,
762 1287 822 1317 152
850 1296 915 1327 sq.:

227 1339 269 1371 Et
291 1342 323 1370 te
347 1340 466 1370 comica
489 1339 542 1379 qui
567 1340 667 1375 doces,
692 1339 850 1370 Terenti?
1134 1339 1328 1381 Scriptorum
1352 1342 1588 1379 numerositate,
1615 1341 1740 1372 Varro?

182 1393 224 1424 Et
247 1396 278 1423 te
301 1396 443 1433 tempore
467 1393 519 1433 qui
544 1396 632 1423 satus
657 1402 765 1423 severo
1134 1393 1175 1424 Et
1198 1398 1230 1425 te
1253 1395 1305 1434 qui
1331 1395 1496 1431 brevitate,
1522 1393 1640 1435 Crispe,
1666 1395 1765 1436 polles
1779 1398 1794 1426 ἱ)

183 1446 304 1483 Graios,
329 1445 449 1481 Plaute,
474 1445 555 1476 sales
578 1446 683 1486 lepore
706 1446 847 1476 transis?
1134 1446 1175 1477 Et
1199 1448 1252 1488 qui
1276 1458 1332 1488 pro
1356 1448 1484 1488 ingenio
1508 1448 1626 1479 fluente
1651 1448 1734 1479 nulli

183 1498 224 1529 Et
248 1501 280 1530 te
303 1498 490 1529 multimoda
513 1500 589 1530 satis
613 1499 781 1529 verendum
1133 1500 1257 1531 Corneli
1281 1499 1398 1538 Tacite,
1424 1511 1456 1532 es
1480 1502 1631 1532 tacendus
1656 1502 1726 1533 ori?

244 1551 388 1592 Denique
413 1552 469 1583 hos
493 1552 618 1593 quidem
643 1552 765 1583 Sidonii
798 1552 882 1583 locos
918 1563 987 1584 cum
1023 1552 1161 1584 Taciteis
1197 1555 1426 1595 comparandos
1462 1556 1640 1596 nuperrime
1681 1556 1790 1587 attulit
1827 1555 1986 1596 Eugenius

86 1603 259 1645 Geisler23)

443 1657 573 1688 Tacitus
1030 1677 1031 1696 χ
1491 1660 1638 1692 Sidonius

131 1710 206 1742 hist.
233 1711 260 1746 1,
291 1711 332 1741 49
358 1711 507 1751 pecuniae
530 1711 649 1742 alienae
673 1722 736 1743 non
760 1715 924 1753 appetens,
1027 1697 1030 1780 j
1185 1715 1276 1754 epist.
1302 1716 1330 1752 ὃ,
1365 1716 1392 1750 5,
1423 1715 1442 1746 2
1467 1716 1514 1745 vir
1536 1715 1630 1745 alieni
1662 1726 1726 1746 non
1761 1719 1912 1757 appetens
1937 1718 1984 1747 sui

88 1774 160 1794 snae
184 1774 313 1804 parcus3
338 1764 376 1796 cf.
402 1762 476 1796 Sall.
500 1763 567 1795 Cat.
592 1766 620 1802 5,
645 1765 674 1796 4.
1026 1788 1028 1807 ,
1139 1777 1270 1808 parcus3
1295 1768 1386 1808 epist.
1411 1768 1439 1804 7,
1465 1769 1515 1806 14,
1544 1769 1581 1799 10
1607 1769 1710 1800 aliena
1736 1780 1800 1800 non
1823 1770 1958 1810 appetis

242 1824 346 1856 Etiam
379 1827 602 1866 grammaticos
627 1826 771 1857 Tacitum
796 1838 859 1858 non
892 1829 1046 1869 sprevisse
1081 1830 1235 1870 imprimis
1260 1830 1499 1861 scholiasta
1523 1830 1775 1872 Juvenalis4)
1800 1842 1858 1862 nos
1882 1832 1983 1866 docet,

84 1888 218 1920 quocum
243 1878 320 1910 duos
345 1878 423 1910 alios
447 1880 634 1910 recentiores
658 1880 807 1911 librorum
838 1882 1036 1923 interpretes,
1070 1882 1213 1913 Servium
1239 1886 1269 1914 et
1300 1883 1420 1914 Lucani
1445 1883 1665 1921 scholiastam,
1697 1886 1888 1925 coniungere
1919 1895 1981 1914 non

85 1931 196 1963 inutile
219 1932 288 1964 erit.
335 1931 392 1963 Ille
415 1932 514 1973 igitur
538 1933 569 1963 in
594 1933 851 1966 adnotationibus
874 1935 912 1966 ad
936 1935 1009 1968 Juv.
1035 1937 1064 1974 2,
1090 1936 1131 1968 99
1157 1938 1188 1967 et
1216 1937 1263 1974 14,
1290 1937 1362 1971 102.
1397 1936 1500 1968 Taciti
1532 1938 1660 1968 nomine
1685 1939 1858 1979 proposito,
1884 1937 1983 1968 histo-

84 1985 199 2015 riarum
223 1985 370 2016 notitiam
394 1985 509 2026 prodit.
556 1985 664 2017 Priore
688 1987 773 2017 enim
797 1987 864 2018 loco
887 1987 1041 2029 legimus:
1083 1987 1213 2020 »Occiso
1237 1989 1337 2021 Galba
1361 1988 1445 2021 Otho
1469 1989 1587 2022 invasit
1618 1991 1796 2032 imperium,
1831 1991 1883 2032 qui
1914 1995 1978 2021 tam

84 2037 251 2078 probrosae
275 2048 365 2068 curae
389 2038 421 2068 in
444 2038 590 2079 polienda
614 2039 714 2070 forma
739 2040 808 2077 fuit,
831 2044 866 2071 ut
890 2040 1036 2073 humecto
1067 2053 1148 2082 pane
1180 2042 1292 2074 faciem
1328 2043 1435 2074 liniret
1463 2044 1500 2074 ad
1533 2044 1767 2075 sollicitandum
1799 2044 1979 2076 candorem.

83 2090 239 2122 Utebatur
263 2093 294 2121 et
317 2091 453 2132 speculo.
498 2091 592 2123 Hunc
614 2092 870 2133 incomparabilis
894 2093 977 2126 vitae
1001 2095 1083 2126 bello
1108 2094 1191 2126 civili
1215 2095 1364 2127 Vitellius
1390 2097 1465 2127 vicit
1489 2098 1572 2137 apud
1605 2096 1789 2128 Bebriacum
1823 2106 1979 2137 campum.

82 2142 205 2174 Horum
229 2143 346 2175 bellum
371 2144 495 2185 scripsit
517 2144 689 2181 Cornelius,
713 2147 839 2187 scripsit
862 2150 893 2178 et
916 2147 1086 2189 Pompeius
1111 2148 1234 2186 Planta,
1259 2150 1312 2190 qui
1336 2150 1389 2183 ait,
1423 2149 1609 2180 Bebriacnm
1638 2151 1740 2181 vicum
1772 2160 1838 2180 esse
1863 2159 1882 2179 a
1907 2148 1980 2180 Cre-

84 2207 177 2228 mona
201 2197 349 2229 vicesimo
373 2198 505 2240 lapide.«
554 2198 640 2230 Idem
664 2210 701 2230 ex
725 2199 799 2232 hist.
824 2201 852 2237 5,
878 2201 896 2231 3
921 2203 952 2231 et
977 2202 997 2232 4
1020 2201 1097 2232 haec
1121 2202 1159 2232 ad
1183 2201 1255 2234 Juv.
1284 2202 1332 2234 14.
1359 2202 1421 2233 102
1447 2203 1627 2233 adnotavit:
1666 2202 1865 2240 »‚Volumine
1890 2201 1980 2243 Moy-

83 2251 154 2282 ses'.
186 2249 338 2282 Sacerdos
355 2252 403 2282 vel
426 2261 482 2283 rex
498 2253 564 2283 eius
587 2252 692 2293 gentis
716 2255 773 2283 ant
795 2253 893 2294 ipsius
918 2255 1043 2294 quidem
1069 2255 1232 2295 religionis
1257 2256 1416 2292 inventor,
1441 2257 1527 2287 cuius
1550 2254 1713 2287 Cornelius
1739 2257 1833 2286 etiam
1852 2255 1981 2286 Tacitus

81 2303 255 2336 meminit«
305 2303 449 2345 Denique
473 2306 577 2342 verba,
608 2304 722 2346 quibus
745 2305 907 2337 ,Iuvenalis
940 2318 1063 2338 versum
1087 2309 1116 2341 4,
1154 2309 1216 2339 112
1251 2309 1497 2349 interpretatur:
1539 2308 1677 2340 »Fuscus
1713 2309 1771 2340 sub
1796 2308 1979 2340 Domitiano

81 2355 229 2387 exercitui
252 2359 449 2398 praepositus
473 2359 505 2390 in
531 2358 628 2390 Dacia
651 2360 752 2400 periit.
800 2358 902 2390 Notat
925 2364 1030 2392 autem
1054 2372 1135 2398 eum,
1169 2362 1252 2402 quia,
1284 2372 1354 2393 cum
1387 2362 1509 2393 luxuria
1539 2362 1711 2399 difflueret,
1744 2363 1826 2393 inter
1859 2361 1979 2393 dilicias

239 2434 261 2470 1)
280 2437 392 2464 Haase
410 2447 437 2472 p.
456 2438 555 2465 XXIV.
574 2452 607 2456 —
626 2436 649 2472 2)
668 2439 729 2465 Tac.
748 2439 766 2465 l.
786 2439 818 2466 ].:
841 2447 922 2473 »erga
935 2439 1139 2474 Vespasianum
1159 2442 1238 2467 vetus
1251 2441 1321 2467 mihi
1335 2442 1514 2468 observantia
1528 2444 1563 2474 et,
1578 2450 1641 2468 cum
1655 2442 1781 2475 privatus
1795 2444 1874 2473 esset,
1894 2442 1977 2468 amici

80 2479 270 2506 vocabamur.«
292 2495 324 2499 —
343 2479 364 2514 ⁸)
383 2482 413 2508 E.
433 2482 575 2509 Geisler
593 2483 622 2509 in
642 2483 791 2510 novissima
810 2483 918 2510 Sidonii
937 2483 1069 2517 editione,
1089 2484 1162 2511 Mon.
1183 2484 1272 2511 Germ.
1293 2487 1358 2512 tom.
1378 2485 1453 2518 VIII,
1478 2486 1555 2512 1887.
1581 2499 1612 2504 —
1634 2485 1656 2519 ⁴)
1676 2486 1792 2512 Haase
1812 2495 1839 2519 p.
1860 2485 1978 2517 LXVII..

81 2525 147 2550 nota
165 2523 224 2550 343.

1765 2584 1785 2607 O
