2197 2958
480 335 647 367 Suetonius

190 386 260 419 Tib.
285 388 325 417 53
351 389 522 428 imputavit
546 390 651 426 etiam,
677 390 759 430 quod
786 400 848 420 non
875 390 986 433 laqueo

144 440 373 479 strangulatam
399 442 429 471 in
456 441 624 472 Gemonias
648 443 807 474 abiecerit.

189 545 309 577 Tib.58
321 546 378 576 sub
392 546 473 577 idem
486 551 621 588 tempus,
635 547 817 578 consulente
832 550 984 588 praetore,

145 608 186 628 an
212 598 323 628 iudicia
348 599 522 630 maiestatis
546 599 615 641 cogi
639 600 771 636 iuberet,
796 599 984 630 exercendas

143 662 209 681 esse
233 651 317 691 leges
342 653 506 692 respoudit
530 656 560 683 et
584 653 778 683 atrocissime
804 653 949 684 exercuit.

186 702 253 734 Tib.
269 704 308 734 67
323 704 396 743 quid
414 704 547 735 scribam
565 706 663 741 vobis,
682 708 784 746 patres
802 706 981 747 conscripti,

141 759 197 786 aut
221 767 283 796 quo
308 757 400 787 modo
424 758 566 795 scribam,
591 761 645 788 aut
666 758 739 798 quid
765 759 893 789 omnino
919 769 981 789 non

141 809 273 840 scribam
298 808 357 840 hoc
389 813 539 851 tempore,
571 811 612 841 dii
644 822 692 841 me
725 811 862 852 deaeque
895 812 982 852 peius

141 861 282 901 perdant,
305 873 398 904 quam
421 863 534 894 cotidie
558 864 658 904 perire
682 865 795 900 sentio,
821 865 846 894 si
871 864 945 895 scio.

183 966 260 1000 Ner.
276 968 314 997 12
329 967 541 1009 dedicatisque
554 969 686 1000 thermis
699 972 792 1009 atque
805 971 980 1010 gymnasio,

138 1021 260 1051 senatui
285 1031 409 1061 quoque
432 1023 463 1051 et
487 1023 585 1060 equiti
610 1023 711 1053 oleum
736 1023 890 1063 praebuit.

182 1126 272 1158 Galb.
291 1128 331 1158 14
348 1127 369 1157 ii
394 1130 483 1157 erant
500 1126 590 1158 Titus
608 1127 740 1166 Vinius,
766 1128 888 1168 legatus
912 1130 978 1159 eius

136 1181 165 1209 iu
192 1179 356 1220 Hispania,
381 1180 562 1220 cupiditatis
586 1181 777 1217 immensae3
813 1180 978 1212 Cornelius

136 1232 218 1264 Laco
243 1243 281 1263 ex
304 1241 462 1263 assessore
494 1232 670 1273 praefectus
705 1235 863 1274 praetorii,
892 1245 978 1265 arro-

133 1284 243 1326 gantia
261 1285 463 1326 socordiaque
476 1285 701 1326 intolerabilis3
720 1287 850 1318 libertus
865 1287 975 1326 Icelus,

134 1338 227 1379 paulo
244 1341 317 1368 ante
334 1339 435 1370 anulis
451 1339 552 1369 aureis
569 1342 600 1369 et
614 1339 766 1370 Marciani
787 1342 975 1381 cognomine

134 1394 263 1421 ornatus
302 1401 337 1422 ac
374 1392 435 1422 iam
477 1402 616 1422 summae
659 1394 810 1433 equestris
859 1394 975 1433 gradus

133 1444 328 1477 candidatus.

179 1497 269 1529 Galb.
308 1496 383 1538 162)
419 1509 520 1539 neque
555 1501 657 1529 ratam
695 1509 760 1530 rem
797 1499 908 1531 habuit
944 1504 976 1532 et

132 1550 264 1581 subinde
288 1551 426 1588 iactavit,
451 1551 555 1592 legere
572 1563 603 1582 se
622 1552 764 1590 militem,
790 1564 854 1584 non
872 1563 975 1585 emere

132 1613 306 1634 consuesse.

175 1655 268 1688 Galb.
296 1656 334 1687 19
358 1655 397 1687 iis
432 1659 468 1687 ut
492 1660 669 1688 occurreret
693 1659 818 1699 prodiit,
851 1663 974 1692 tanta

132 1708 293 1745 fiducia,
317 1712 353 1739 ut
375 1709 469 1740 militi
493 1710 616 1740 cuidam
633 1713 768 1742 occisum
787 1724 804 1742 a
823 1724 854 1743 se
872 1712 973 1745 Otho-

131 1772 200 1791 nem
227 1762 390 1802 glorianti:
417 1772 498 1802 »quo
523 1766 666 1794 auctore«
694 1766 899 1806 responderit.

171 1974 260 2007 Galb.
294 1977 335 2007 20
360 1979 434 2007 sunt
457 1977 511 2017 qui
535 1977 673 2014 tradant,
697 1978 734 2008 ad
760 1979 895 2019 primum
921 1981 971 2010 tu-

127 2028 264 2059 multum
289 2030 499 2070 proclamasse
523 2039 608 2061 eum:
639 2032 731 2071 »quid
757 2032 863 2072 agitis,
888 2043 971 2063 com-

127 2081 310 2112 militones?
340 2093 399 2123 ego
423 2086 526 2113 vester
550 2092 629 2120 sum,
655 2087 686 2114 et
710 2095 764 2115 vos
789 2086 884 2116 mail«
920 2086 972 2117 do-

128 2134 269 2164 nativum
306 2136 400 2165 etiam
435 2135 618 2176 pollicitum.
671 2136 810 2168 Plures
838 2140 971 2169 autem

125 2185 416 2226 prodiderunt,
456 2188 609 2219 obtulisse
644 2189 728 2220 ultro
763 2191 903 2231 iugulum
940 2194 972 2223 et

122 2243 158 2269 nt
187 2239 246 2270 hoc
270 2244 400 2281 agerent
435 2251 470 2272 ac
494 2240 631 2277 ferirent,
666 2243 793 2282 quando
818 2246 870 2275 ita«
886 2245 972 2276 vide-

121 2296 225 2329 retur,
250 2293 422 2326 hortatum.

1560 339 1684 372 Tacitus

1235 402 1309 424 ann.
1320 393 1350 429 6,
1367 392 1408 423 25
1423 394 1655 434 memoriaeque
1669 393 1701 425 id
1713 394 1908 435 prodendum
1922 394 2042 426 addidit

1198 443 1313 474 Caesar
1325 445 1526 486 iactavitque,
1541 446 1624 486 quod
1639 457 1701 477 nou
1716 447 1828 487 laqueo
1841 447 2040 488 strangulata

1198 507 1300 537 neque
1323 496 1354 527 in
1381 496 1551 529 Gemonias
1575 500 1714 539 proiecta
1737 499 1829 531 foret.

1241 561 1314 581 ann.
1331 552 1357 585 1.
1372 550 1412 581 72
1428 561 1499 582 mox
1511 551 1664 589 Tiberius,
1680 552 1880 583 consultante
1890 552 2040 594 Pompeio

1195 601 1302 633 Macro
1317 606 1472 643 praetore,
1488 615 1527 634 an
1548 604 1661 635 iudicia
1678 605 1853 635 maiestatis
1869 605 2039 636 redderen-

1195 657 1256 690 tur,
1279 655 1467 687 exercendas
1491 656 1576 697 leges
1603 667 1669 687 esse
1695 657 1868 697 respondit.

1240 719 1310 739 ann⁴
1324 709 1352 745 6,
1365 710 1383 740 6
1394 709 1468 749 quid
1480 710 1617 740 scribam
1627 709 1725 749 vobis,
1742 712 1847 750 patres
1857 711 2038 751 conscripti,

1195 764 1250 792 aut
1273 772 1335 802 quo
1360 762 1453 792 modo
1478 763 1622 799 scribam,
1647 765 1701 793 aut
1722 762 1798 803 quid
1821 764 1951 794 omnino
1975 773 2038 794 non

1195 814 1328 845 scribam
1363 814 1422 845 hoc
1456 820 1599 856 tempore
1634 815 1664 845 di
1700 826 1750 846 me
1781 815 1918 856 deaeque
1947 817 2038 856 peius

1194 867 1336 908 perdant,
1366 878 1460 908 quam
1492 869 1594 908 perire
1629 879 1678 898 me
1711 868 1824 899 cotidie
1857 869 1975 906 sentio,
2012 869 2038 899 si

1194 920 1268 952 scio.
1280 918 1304 959 1)

1237 983 1311 1005 ann.
1332 974 1380 1011 14,
1405 973 1446 1005 47
1476 974 1677 1014 gymnasium
1704 985 1739 1005 eo
1756 985 1840 1005 anno
1856 973 2034 1005 dedicatum

1194 1037 1211 1056 a
1228 1025 1354 1056 Nerone
1371 1027 1610 1067 praebitumque
1627 1027 1728 1058 oleum
1748 1028 1846 1068 equiti
1862 1038 1898 1058 ac
1914 1028 2038 1058 senatui

1193 1077 1314 1110 Graeca
1338 1079 1500 1112 facilitate.

1237 1132 1310 1164 hist.
1348 1133 1376 1169 1,
1412 1132 1451 1164 13
1482 1133 1625 1173 potentia
1650 1133 1846 1173 principatus
1870 1133 1972 1164 divisa
1999 1134 2030 1163 in

1193 1184 1301 1215 Titum
1326 1184 1455 1215 Vinium
1480 1185 1651 1223 consulem,
1677 1184 1856 1216 Cornelium
1874 1185 2030 1216 Laconem

1191 1239 1340 1279 praetorii
1365 1238 1577 1278 praefectum;
1610 1249 1666 1269 nec
1689 1239 1792 1269 minor
1815 1239 1918 1279 gratia
1940 1237 2034 1275 Icelo,

1190 1290 1308 1322 Galbae
1325 1291 1447 1328 liberto,
1472 1302 1564 1331 quem
1591 1291 1693 1322 anulis
1717 1291 1870 1322 donatum
1895 1292 2033 1332 equestri

1191 1344 1317 1374 nomine
1342 1344 1537 1375 Marcianum
1565 1345 1760 1376 vocitabant.

1232 1502 1306 1535 hist.
1322 1504 1349 1540 1,
1368 1504 1387 1533 5
1399 1502 1425 1543 2)
1443 1504 1572 1534 accessit
1586 1503 1703 1534 Galbae
1718 1514 1776 1534 vox
1790 1513 1848 1543 pro
1861 1514 1893 1534 re
1906 1503 2032 1544 publica

1189 1556 1331 1592 honesta,
1367 1556 1427 1597 ipsi
1462 1567 1586 1596 anceps,
1612 1556 1672 1596 legi
1700 1567 1718 1586 a
1742 1567 1775 1586 se
1799 1556 1941 1594 militem,
1966 1566 2029 1586 non

1189 1610 1260 1640 emi.

1233 1662 1307 1694 hist.
1334 1664 1361 1699 1,
1385 1662 1426 1692 35
1452 1663 1563 1693 obvius
1590 1663 1620 1693 iu
1647 1662 1768 1693 Palatio
1785 1661 1888 1692 Julius
1904 1660 2029 1692 Atticus

1188 1716 1365 1756 speculator
1396 1719 1559 1746 cruentum
1594 1715 1734 1755 gladium
1759 1718 1924 1746 ostentans
1948 1714 2030 1745 occi-

1188 1780 1255 1799 sum
1292 1780 1309 1799 a
1343 1779 1375 1799 se
1400 1767 1556 1799 Othonem
1593 1768 1797 1808 exclamavit3
1845 1769 1876 1798 et
1911 1766 2030 1798 Galba:

1190 1822 1411 1857 »commilitQ«
1449 1821 1563 1862 iuquit,
1591 1821 1679 1862 »quis
1704 1821 1834 1851 iussit&
1872 1820 2031 1860 insigni

1186 1878 1314 1906 animo
1357 1875 1401 1905 ad
1444 1875 1686 1905 coercendam
1731 1874 1940 1904 militarem
1988 1873 2031 1903 li-

1187 1929 1371 1960 centiam.
1766 1927 1768 1929 ’

1230 1981 1302 2012 hist.
1330 1981 1357 2015 1,
1383 1981 1421 2010 41
1448 1985 1621 2011 extremam
1639 1981 1704 2011 eius
1723 1989 1838 2015 vocem,
1863 1982 1898 2009 ut
1915 1979 2028 2019 cuique

1186 2034 1290 2064 odium
1317 2037 1371 2064 aut
1393 2033 1558 2064 admiratio
1583 2033 1653 2069 fuit,
1679 2033 1782 2063 varie
1806 2032 2028 2072 prodidere:

1185 2087 1238 2117 alii
1255 2087 1441 2127 suppliciter
1457 2087 1676 2126 interrogasse,
1701 2085 1775 2126 quid
1799 2084 1872 2115 mali
1897 2083 2027 2115 meruis-

1186 2144 1242 2175 set,
1278 2143 1309 2170 et
1344 2149 1461 2181 paucos
1495 2139 1560 2169 dies
1595 2138 1782 2169 exsolvendo
1806 2137 1954 2168 donativo
1978 2137 2029 2167 de-

1184 2196 1361 2234 precatum3
1394 2192 1529 2233 plures
1553 2190 1704 2222 obtulisse
1726 2189 1810 2221 ultro
1835 2190 2026 2231 percussori·

1185 2247 1243 2276 bus
1267 2246 1427 2286 iugulum:
1458 2246 1589 2285 agerent
1611 2255 1647 2274 ac
1671 2243 1810 2277 ferirent,
1834 2244 1859 2274 si
1883 2244 1929 2274 ita
1953 2254 1969 2274 e
1993 2254 2025 2273 re

1184 2299 1310 2341 publica
1333 2298 1499 2330 videretur.

290 2371 311 2405 ¹)
332 2373 444 2400 Tacitus
465 2383 519 2400 non
540 2374 620 2400 modo
640 2375 787 2403 orationes,
807 2376 853 2402 sed
873 2377 958 2403 etiam
978 2386 1069 2411 pauca
1088 2380 1207 2407 aliorum
1227 2380 1311 2406 verba
1339 2378 1393 2404 suis
1412 2377 1498 2411 ipsius
1517 2376 1705 2403 locutionibus
1727 2376 1877 2402 reddidisse
1897 2375 2019 2408 videtur,

128 2418 162 2441 Cf·
183 2419 292 2449 praeter
312 2418 385 2443 hunc
405 2418 495 2445 ¹00⁰OE
516 2418 580 2444 hist·
602 2420 624 2450 lv
643 2419 673 2449 5;
702 2427 764 2445 ann.
790 2421 826 2452 152
847 2421 888 2452 67,
909 2421 1041 2454 quoniam
1060 2431 1176 2458 semper,
1196 2432 1258 2450 cum
1278 2423 1363 2450 verba
1382 2422 1442 2455 ipsa
1461 2420 1611 2452 rettulerit,
1624 2430 1629 2434 ·
1643 2421 1710 2446 »hoc
1730 2420 1802 2446 enim
1832 2421 1916 2446 verbo
1945 2429 2025 2446 usum

129 2462 238 2486 rerunt«
270 2461 312 2486 vel
341 2462 397 2487 alia
425 2462 560 2488 eiusmodi
579 2462 691 2489 adiecit.
713 2464 748 2490 cf.
768 2472 831 2491 ann.
854 2465 893 2496 11,
913 2466 961 2498 373
980 2467 1021 2498 14,
1041 2468 1092 2499 59;
1114 2468 1154 2500 16,
1173 2470 1207 2499 45
1227 2468 1292 2494 hist.
1311 2466 1335 2499 3,
1355 2465 1397 2492 39.
1434 2466 1562 2492 Ceterum
1582 2465 1616 2490 cf.
1638 2464 1840 2498 Nipperdeium
1860 2464 1894 2490 ad
1915 2472 1979 2491 ann.
1999 2465 2023 2496 6,

129 2505 152 2529 6.
170 2518 201 2522 -
215 2502 239 2537 5³)
254 2505 293 2531 Cf.
316 2506 365 2532 Dio
384 2506 426 2534 64,
445 2507 470 2538 3,
489 2507 518 2531 3;
549 2503 634 2543 ἀμέλει
655 2507 697 2531 καὶ
717 2511 775 2538 τοῖς
795 2505 948 2543 δορυφόροις
968 2510 1071 2536 αΙτοῦσι
1101 2508 1232 2548 χρήματα
1261 2509 1306 2536 ⁰131
1334 2511 1405 2536 Macar
1439 2509 1479 2534 καὶ
1499 2511 1542 2543 ἐφ’,
1564 2519 1588 2543 γε
1618 2505 1658 2533 ὅτι
1679 2510 1829 2543 καταλέγων
1848 2504 2024 2543 όῑραηότας,

115 2544 149 2571 η’)
162 2544 183 2572 λι
202 2545 246 2573 osu
267 2545 398 2583 ἁγοράζζζίι
423 2551 516 2576 eiwon,
