2234 2902
1035 250 1073 281 21

453 357 584 389 Tacitus

144 412 236 445 ibid.:
281 411 370 453 plura
404 410 441 441 de
469 411 621 441 extremis
652 410 735 450 loqui
760 420 831 451 pars
854 409 944 450 igna-

100 465 170 496 viae
193 467 250 497 est.

144 518 174 555 2,
187 518 228 549 48
241 516 482 558 intempestivas
496 527 620 547 suorum
632 516 775 547 lacrimas
788 525 943 547 coercens.

146 676 176 715 2,
201 677 241 708 49
267 678 505 717 vesperascente
533 676 582 706 die
615 674 699 706 sitim
726 675 841 706 haustu
866 674 943 715 geli-

100 730 157 762 dae
180 738 280 771 aquae
304 729 436 762 sedavit.

143 781 236 815 ibid.:
275 781 359 813 hunc
392 783 475 813 vitae
498 782 592 812 finem
616 781 728 812 habuit
752 781 888 821 septimo
911 783 943 811 et

100 837 259 868 tricesimo
283 835 397 866 aet-atis
421 845 516 867 anno.

144 889 175 927 2,
201 890 243 922 50
266 889 356 929 origo
381 887 426 919 illi
451 899 468 918 e
491 887 663 928 municipio
687 886 870 919 Ferentino.

256 941 305 973 Ex
330 941 471 972 historiis
496 940 573 971 haec
598 950 722 981 quoque
747 940 872 972 hausit:

145 996 219 1027 hist.
244 996 274 1033 2,
306 995 326 1027 2
352 994 435 1025 haud
461 993 555 1024 fuerit
580 994 721 1034 longum,
756 993 876 1024 initia
898 1003 944 1023 re-

106 1049 244 1091 ligionis,
278 1047 391 1089 templi
424 1048 529 1084 ritum,
565 1047 732 1078 formam
769 1047 843 1077 deae
861 1071 868 1078 .
886 1071 894 1078 .
912 1071 919 1078 .
937 1072 944 1078 .

99 1103 205 1144 paucis
229 1102 390 1134 disserere.

145 1155 219 1188 hist.
245 1156 275 1192 2,
300 1154 319 1186 3
344 1154 545 1185 simulacrum
570 1153 644 1184 deae
671 1164 733 1184 non
759 1153 863 1195 effigie
887 1152 945 1184 hu·

100 1217 210 1247 mana,
242 1208 413 1239 continuus
442 1207 527 1238 orbis
556 1207 668 1238 latiore
696 1207 788 1238 initio
818 1212 944 1237 tenuem

101 1264 133 1294 in
160 1261 314 1293 ambitum
339 1263 440 1291 metae
465 1260 559 1291 modo
583 1270 762 1300 exsurgens,
787 1259 840 1290 sed
865 1259 945 1290 ratio

99 1316 131 1346 in
156 1315 298 1347 obscuro.

1492 358 1680 389 Ammianus

1204 410 1257 446 25,
1282 411 1312 446 3,
1340 410 1381 441 20
1408 409 1561 441 haetenus
1587 411 1672 452 loqui
1698 412 1804 453 vigore
1830 412 1940 444 virium
1963 413 2007 444 la—

1159 462 1254 493 bente
1279 462 1426 495 sufficiet.

1204 517 1256 552 25,
1281 516 1311 552 3,
1345 516 1386 546 22
1412 519 1443 547 et
1466 516 1578 547 flentes
1603 517 1684 547 inter
1708 517 1784 548 haec
1808 528 1926 555 omnes,
1951 519 2005 560 qui

1160 569 1301 606 aderant,
1328 570 1515 601 auctoritate
1539 570 1663 611 integra
1687 572 1780 601 etiam
1812 574 1878 602 tum
1904 573 2006 602 incre-

1159 622 1264 663 pabat.

1206 676 1257 712 25,
1292 677 1321 712 3,
1363 676 1402 705 23
1427 680 1520 716 epota
1544 676 1648 717 gelida
1671 685 1764 717 aqua,
1797 686 1890 717 quam
1927 679 2007 718 petit

1159 727 1264 759 medio
1289 729 1391 759 noctis
1416 728 1554 762 horrore.

1204 781 1297 813 ibid.:
1325 783 1390 812 vita
1415 781 1537 813 facilius
1562 786 1609 813 est
1632 783 1796 814 absolutus
1821 794 1904 814 anno
1921 786 2006 814 aeta-

1159 835 1201 865 tis
1225 834 1325 865 altero
1350 838 1381 864 et
1406 835 1598 868 tricensimo.

1204 887 1296 919 ibid.:
1323 892 1421 918 natus
1445 889 1527 929 apud
1552 887 1875 931 Constantinopolim.

1209 993 1257 1030 16,
1304 994 1352 1030 10,
1392 995 1428 1025 17
1468 998 1501 1025 ut
1532 996 1563 1026 in
1596 997 1734 1027 maximo
1762 995 1844 1027 circo
1875 998 2009 1037 erigeret

1162 1045 1353 1083 obeliscum,
1397 1048 1484 1078 cuius
1527 1049 1721 1089 originem
1759 1050 2010 1092 formamque

1160 1097 1229 1130 Ioco
1254 1102 1450 1141 competenti
1476 1102 1540 1141 (17,
1565 1103 1596 1139 4,
1622 1102 1655 1143 7)
1681 1103 1875 1136 monstrabo.

1209 1153 1258 1189 17,
1295 1154 1324 1190 4,
1365 1154 1382 1184 7
1420 1158 1468 1185 est
1498 1159 1603 1186 autem
1639 1156 1793 1188 obeliscus
1818 1159 2008 1198 asperrimus

1162 1205 1242 1247 lapis
1274 1207 1304 1237 iu
1338 1208 1474 1246 figuram
1504 1211 1606 1240 metae
1637 1210 1798 1241 cuiusdam
1825 1211 1941 1241 sensim
1967 1212 2006 1242 ad

1161 1260 1383 1300 proceritatem
1409 1271 1606 1303 consurgens
1629 1263 1798 1300 excelsam;
1824 1264 1863 1295 cf.
1881 1264 2005 1297 Boccat.

1163 1310 1358 1353 Genealogia
1383 1313 1521 1345 Deorum
1546 1316 1575 1352 3,
1600 1316 1652 1348 23.

259 1367 296 1398 ln
322 1370 526 1398 externarum
551 1368 656 1397 autem
681 1367 843 1397 nationum
869 1365 1007 1396 moribus
1036 1365 1251 1397 describendis
1276 1367 1464 1398 Ammianus
1494 1379 1541 1399 res
1571 1379 1608 1399 ex
1638 1370 1744 1401 libello
1775 1372 1812 1401 de
1837 1370 2007 1403 Germania

101 1422 232 1454 haustas
257 1421 295 1452 ad
320 1421 390 1452 illas
415 1420 590 1451 transferre
613 1419 712 1455 solet;
735 1420 780 1450 sic
803 1429 840 1449 ex
865 1418 1035 1450 Germania
1060 1417 1246 1460 sumpsit11)

463 1503 592 1534 Tacitus

147 1571 254 1604 Germ.
290 1573 304 1602 1
332 1570 499 1601 Danuvius
517 1593 652 1602 ......
686 1569 785 1610 pluris
814 1568 947 1609 populos

101 1624 177 1656 adit.

145 1743 250 1776 Germ.
278 1744 293 1774 1
321 1742 463 1774 Oceanus
481 1766 590 1775 .....
620 1742 732 1773 latos
768 1741 880 1772 sinus
916 1742 947 1770 et

100 1797 275 1829 insularum
292 1796 488 1827 immensa
512 1796 647 1836 spatia
669 1793 945 1836 complectens...

101 1850 320 1882 Rhenus....
345 1850 631 1881 miscetur....
656 1848 819 1879 Danuvius
837 1872 946 1880 .....

101 1915 155 1935 sex
178 1902 373 1935 meatibus
398 1905 554 1944 erumpat.

148 1970 253 2002 Germ.
273 1970 288 2001 1
308 1969 451 2007 Rhenus,
473 1969 720 2001 Raeticarum
744 1971 947 2012 Alpium...

102 2024 218 2055 vertice
256 2026 343 2054 ortus
355 2046 474 2056 ......
516 2023 681 2054 Danuvius
693 2047 810 2056 ......
850 2025 949 2056 donec

101 2078 138 2108 in
162 2076 371 2117 ponticum
397 2087 500 2108 mare
517 2087 570 2107 sex
589 2077 745 2108 meatibus
763 2081 948 2119 erumpat,

102 2130 272 2170 septimum
313 2140 347 2161 os
388 2129 556 2170 paludibus
595 2130 755 2165 hauritur:
792 2131 832 2164 cf.
867 2130 947 2164 Plin.

102 2185 169 2215 nat.
206 2182 281 2215 hist.
323 2183 354 2220 4,
402 2183 444 2214 24
505 2194 541 2214 ex
599 2183 731 2214 adverso
782 2183 948 2217 Raurici

101 2236 222 2268 Galliae
245 2234 352 2276 oppidi
375 2246 402 2268 e.
427 2247 457 2276 q.
482 2246 506 2267 s.

147 2301 253 2335 Germ.
278 2303 318 2334 18
343 2302 395 2342 (de
420 2302 603 2343 Germanis)
631 2302 734 2334 dotem
772 2314 834 2335 non
872 2316 950 2338 uxor

102 2357 228 2391 marito,
251 2355 304 2386 sed
322 2356 413 2386 uxori
430 2357 562 2387 maritus
580 2356 672 2387 offert
685 2381 799 2390 ......
823 2357 856 2389 in
873 2357 949 2391 haec

101 2419 233 2440 munera
255 2417 333 2438 uxor
352 2409 514 2449 accipitur,
539 2412 635 2450 atque
658 2410 790 2441 invicem
816 2412 886 2452 ipsa
901 2423 949 2444 ar-

102 2471 226 2492 morum
252 2461 371 2501 aliquid
397 2462 510 2493 marito
535 2462 636 2495 aflert.

1493 1508 1680 1539 Ammianus

1206 1570 1257 1607 27,
1287 1572 1317 1609 4,
1353 1573 1372 1604 6
1405 1572 1524 1611 Hister,
1555 1585 1617 1615 qua
1646 1574 1824 1607 Romanum
1857 1576 2006 1617 cespitem

1164 1623 1286 1660 lambit,
1313 1625 1443 1657 urbibus
1467 1627 1576 1658 multis
1600 1632 1630 1658 et
1655 1630 1765 1660 castris
1790 1630 1957 1670 contiguus
1978 1633 2008 1661 et

1161 1677 1310 1710 castellis.

1210 1746 1259 1781 17,
1288 1745 1336 1781 13,
1369 1745 1389 1776 4
1414 1745 1596 1777 Parthiscus
1620 1748 1790 1788 obliquatis
1816 1749 2008 1781 meatibus

1161 1796 1271 1828 Histro
1307 1799 1513 1837 miscetur,
1549 1800 1602 1832 sed
1637 1801 1710 1832 dum
1746 1802 1831 1833 solus
1863 1803 2008 1834 licentius

1161 1850 1242 1888 fluit,
1268 1853 1395 1893 spatia
1421 1853 1544 1895 longa
1580 1857 1619 1885 et
1653 1855 1740 1886 lata
1769 1857 1885 1887 sensim
1916 1866 2008 1897 prae-

1161 1905 1330 1937 terlabenS.

1206 1971 1258 2010 22,
1283 1972 1313 2010 ὃ,
1339 1973 1380 2002 44
1399 1975 1502 2004 amnis
1521 1984 1593 2005 vero
1611 1973 1776 2006 Danubius
1793 1976 1895 2006 oriens
1913 1987 2009 2018 prope

1163 2026 1366 2057 Rauracos
1415 2030 1549 2058 monte
1596 2028 1759 2059 contine
1805 2028 2010 2060 limitibus

1162 2079 1337 2111 Raeticis
1362 2090 1418 2121 per
1442 2081 1586 2111 latiorem
1618 2082 1725 2113 orbem
1755 2085 1940 2123 praetentus
1975 2094 2010 2114 ac

1162 2134 1329 2174 sexaginta
1354 2134 1544 2175 navigabilis
1579 2146 1678 2176 paene
1713 2145 1821 2166 omnes
1856 2137 2010 2177 recipiens

1163 2187 1287 2224 fluvios,
1312 2190 1433 2228 septem
1458 2189 1548 2219 ostiis
1572 2199 1627 2229 per
1643 2188 1703 2219 hoc
1719 2188 1903 2229 Scythicum
1927 2190 2009 2221 latus

1162 2241 1334 2282 erumpit
1358 2242 1397 2271 in
1423 2251 1537 2274 mare.

1209 2310 1258 2346 14,
1284 2309 1314 2344 4,
1340 2309 1358 2338 4
1376 2308 1431 2349 (de
1449 2307 1629 2349 Saracenis)
1645 2309 1728 2339 dotis
1751 2308 1878 2340 nomine
1903 2310 2010 2341 futura

1162 2362 1300 2393 coniunx
1326 2362 1450 2393 hastam
1472 2364 1503 2392 et
1520 2362 1756 2393 tabernaculum
1775 2362 1867 2393 offert
1884 2363 2008 2395 marito.

244 2561 264 2595 ¹)
285 2563 383 2590 Woel
399 2563 515 2590 t'flinu
526 2573 538 2590 s
558 2565 575 2591 l.
596 2565 614 2591 l.
634 2565 701 2592 haec
715 2568 842 2601 exempla
856 2568 909 2595 iam
924 2570 1037 2597 attulit:
1059 2570 1150 2597 Germ.
1166 2571 1180 2595 9
1197 2580 1234 2593 =
1250 2572 1342 2596 Amm.
1363 2571 1403 2595 22.
1425 2571 1449 2602 8,
1469 2571 1503 2595 34
1517 2572 1545 2596 et
1559 2571 1650 2596 Germ.
1664 2571 1697 2596 23
1711 2580 1749 2593 =
1766 2573 1853 2597 Amm.
1872 2571 1909 2602 15,
1927 2572 1965 2597 12.
1984 2573 2010 2597 4.
