2234 2902
101 352 185 382 recte
209 351 340 388 monuit,
366 353 511 392 quamvis
535 354 599 384 iam
623 353 798 396 Opitzius1)
826 359 941 390 multas
965 370 1023 396 res,
1056 373 1134 402 quas
1163 363 1294 395 duorum
1326 367 1516 407 scriptorum
1548 381 1728 404 communes
1754 385 1821 406 esse
1844 379 2006 418 cognovit,

102 403 158 434 uni
176 404 337 445 eidemque
354 415 459 436 eorum
478 405 559 438 fonti
577 408 734 440 vindicare
750 414 881 442 conatus
898 414 991 444 esset.

99 456 177 488 haec
200 457 344 490 adiciam.

1040 412 1157 446 Verum
1183 416 1236 454 eis,
1262 427 1344 458 quae
1369 419 1427 450 viri
1452 420 1498 451 illi
1523 422 1608 453 doct-i
1630 425 1834 467 collegerunt,
1853 430 2005 472 exemplis

255 511 362 552 Atque
379 513 529 553 quoniam
548 513 749 547 Woelfflinus
773 518 888 554 omnia,
911 527 993 558 quae
1016 520 1056 551 ad
1074 519 1211 562 Augusti
1236 533 1368 564 regnum
1387 527 1559 566 pertinent,
1585 532 1760 571 proposuit.
1785 533 1823 564 ad
1842 534 2002 568 Tiberium

95 567 236 595 transeo:

383 619 527 650 Aurelius
555 620 661 652 Victor

146 670 229 711 Epit.
255 671 283 705 2,
307 673 326 703 3
352 671 526 714 (Tiberius)
550 674 626 704 satis
642 674 780 714 prudens
796 675 827 706 in
845 677 940 708 armis

90 727 230 767 satisque
258 727 439 758 fortunatus
471 729 547 757 ante
582 729 743 768 sumptum
772 729 937 769 imperium

90 781 148 811 sub
174 782 320 821 Augusto
344 781 413 812 fuit.

141 833 225 875 Epit.
252 835 281 871 2,
306 835 327 865 4
351 834 474 875 eloquio
499 834 621 869 clarior,
645 834 698 864 sed
723 835 851 875 ingenio
868 846 938 876 pes·

89 888 179 924 simo,
208 888 299 924 truci,
328 897 433 924 avaro,
469 887 632 923 insidioso,
661 887 815 918 simulans
839 899 875 919 ea
904 899 937 920 se

88 941 177 978 velle,
202 952 282 982 quae
298 940 414 972 nollet:
438 939 487 971 his
504 950 588 978 vem,
614 951 692 981 quos
709 941 828 978 oderat,
845 943 935 982 quasi

91 994 261 1025 benevolus
285 1003 451 1035 apparens

130 1154 216 1195 Epit.
239 1155 269 1191 2,
295 1154 313 1185 7
339 1154 544 1185 aestimantes
561 1165 632 1185 eum
651 1178 657 1184 .
676 1179 684 1186 .
702 1179 708 1186 .
727 1179 735 1187 .
760 1155 931 1196 imperialis

84 1206 247 1238 molestiae
263 1207 517 1248 magnitudinem
535 1207 707 1243 declinare;
731 1207 771 1240 ci.
788 1206 876 1239 Caes.
900 1208 930 1249 9,

81 1261 100 1292 3
126 1265 246 1302 quanta
280 1260 378 1291 moles
410 1260 621 1301 molestiaque
643 1261 777 1301 imperio
800 1262 929 1294 inesset.

1516 633 1644 665 Tacitus

1199 692 1274 714 ann.
1310 684 1339 719 6,
1369 683 1408 715 51
1446 684 1628 726 (Tiberium)
1662 691 1825 731 egregium
1858 694 1921 724 vita
1953 694 2002 725 fa·

1155 744 1276 775 maque,
1314 737 1417 777 quoad
1450 739 1594 779 privatus
1624 741 1674 772 vel
1706 743 1737 773 in
1771 745 1909 786 imperiis
1943 748 2000 778 sub

1154 786 1300 827 Augusto
1325 789 1395 822 fuit.

1196 850 1270 872 ann.
1300 842 1327 878 1,
1363 843 1399 874 11
1436 845 1506 885 plus
1532 847 1563 877 in
1587 849 1728 880 oratione
1753 850 1811 881 tali
1835 851 2000 893 dignitatis

1154 903 1249 933 quam
1274 894 1345 925 fidei
1372 900 1459 934 erat,
1490 897 1678 941 Tiberioque
1711 903 1806 934 etiam
1837 905 1868 935 in
1898 906 1999 941 rebus,

1151 955 1230 984 quas
1254 958 1317 978 non
1342 951 1508 988 occuleret,
1539 963 1691 994 suspensa
1725 967 1848 998 semper
1877 962 1906 989 et
1931 960 2000 990 obs-

1151 1009 1224 1030 cura
1249 999 1356 1038 verba,
1382 1006 1457 1034 tunc
1482 1016 1553 1036 vero
1578 1007 1705 1043 nitenti,
1731 1012 1766 1040 ut
1793 1021 1901 1042 sensus
1926 1023 1999 1043 suos

1148 1053 1276 1093 penitus
1312 1054 1452 1093 abderet.
1486 1058 1517 1088 in
1556 1059 1710 1091 incertum
1748 1065 1778 1093 et
1813 1064 1997 1105 ambiguum

1147 1107 1248 1146 magis
1273 1107 1529 1149 implicabantur.

1191 1170 1264 1192 anu.
1305 1162 1331 1198 1,
1372 1162 1406 1193 11
1446 1163 1545 1194 solam
1585 1165 1648 1196 divi
1685 1166 1820 1208 Augusti
1856 1173 1994 1201 mentem

1137 1215 1256 1249 ‚tantae
1282 1214 1357 1245 moli
1382 1226 1537 1256 capacem.

239 1313 287 1345 Ex
310 1314 366 1350 eis,
392 1323 475 1354 quae
500 1313 645 1344 Aurelius
669 1313 780 1345 Victor
803 1314 840 1345 de
864 1313 1008 1356 Caligula
1032 1317 1168 1356 disserit,
1194 1320 1288 1350 verba
1313 1320 1401 1354 Caes.
1427 1322 1456 1359 3,
1486 1324 1523 1354 4:
1569 1334 1653 1365 »qua
1682 1336 1777 1357 causa
1809 1327 1993 1360 nitebantur

81 1377 191 1398 omnes
215 1377 322 1398 casum
346 1369 455 1397 tantae
479 1366 618 1398 familiae
643 1367 734 1398 leniri
759 1367 985 1399 adulescentuli
1010 1370 1090 1411 (scil.
1116 1370 1295 1414 Caligulae)
1319 1383 1393 1415 spe«
1427 1386 1497 1406 cum
1526 1385 1562 1407 eo
1593 1382 1791 1419 congruunt,
1822 1381 1905 1421 quod
1930 1381 1992 1413 Ta-

80 1419 162 1451 citus
186 1419 368 1451 Germanici
392 1419 507 1451 liberos
533 1420 666 1450 multum
691 1420 800 1461 populi
823 1422 926 1461 gratia
950 1422 1094 1455 floruisse
1118 1426 1302 1466 saepissime
1327 1428 1455 1460 indicat.
1482 1429 1658 1468 Praeterea,
1684 1443 1764 1473 quae
1783 1432 1870 1466 Caes.
1895 1435 1924 1468 3,
1952 1436 1991 1466 14

82 1474 168 1505 —20
192 1474 315 1513 (confer
341 1472 425 1514 Epit.
450 1474 480 1511 4,
508 1474 522 1503 1
550 1476 581 1504 et
605 1474 637 1512 2)
662 1473 699 1504 de
723 1472 853 1505 Claudio
878 1475 1066 1515 imperatore
1091 1481 1198 1509 creato
1222 1479 1416 1518 referuntur,
1441 1492 1479 1512 ex
1501 1482 1555 1513 illo
1584 1483 1670 1514 sonte
1694 1485 1835 1516 derivata
1861 1498 1927 1518 esse
1953 1498 1991 1518 ex

77 1527 126 1558 his
152 1527 228 1558 locis
253 1528 336 1558 inter
361 1537 393 1558 se
418 1527 609 1568 comparatis
634 1527 810 1567 suspicatus
835 1537 922 1559 sum:

360 1580 508 1611 Aurelius
532 1579 643 1611 Victor

121 1633 210 1667 Caes.
235 1634 265 1672 3,
292 1634 330 1665 17
357 1634 434 1674 quin
459 1632 553 1664 etiam
579 1633 729 1665 militares
759 1633 922 1675 plebisque

74 1689 196 1720 animos
220 1687 454 1719 conciliaverat.

120 1740 210 1772 Caes.
234 1741 264 1779 3,
294 1741 335 1771 20
372 1739 420 1771 ita
443 1739 563 1771 Rornae
594 1740 682 1780 regia
705 1741 846 1781 potestas
869 1740 922 1770 fir-

1500 1587 1626 1620 Tacitus

1181 1649 1256 1671 ann.
1296 1640 1325 1677 4,
1372 1643 1389 1671 2
1437 1641 1571 1683 irrepere
1620 1644 1784 1684 paullatim
1833 1646 1987 1678 militares

1137 1692 1269 1722 animos.

1180 1745 1254 1776 hist.
1284 1746 1310 1782 1,
1341 1747 1360 1777 3
1394 1758 1450 1778 nec
1478 1749 1562 1779 enim
1594 1760 1743 1790 umquam
1775 1753 1985 1784 atrocioribus

70 1796 162 1826 mata
184 1794 411 1836 proditumque
434 1793 584 1834 {mettium
617 1793 797 1824 mortalium
826 1803 921 1824 cona-

69 1849 121 1878 tus
146 1858 260 1878 vacuos
286 1858 303 1877 a
327 1846 460 1877 fortuna
484 1855 652 1886 cassosque
676 1855 753 1877 esse.

1135 1799 1244 1839 populi
1269 1798 1404 1831 Romani
1429 1802 1569 1833 cladibus
1597 1804 1736 1843 magisve
1760 1805 1852 1836 iustis
1876 1807 1986 1838 indici-

1134 1852 1160 1881 is
1195 1851 1405 1892 adprobatum
1442 1857 1510 1892 est,
1540 1866 1603 1886 non
1633 1866 1701 1887 esse
1730 1868 1823 1889 curae
1846 1859 1911 1890 deis
1935 1869 1984 1891 se-

1133 1905 1300 1936 curitatem
1323 1910 1476 1945 nostram,
1501 1919 1568 1939 esse
1592 1909 1756 1943 ultionem.

231 1951 274 1984 Ut
298 1953 330 1984 in
356 1950 478 1983 Claudii
517 1961 616 1993 regno
651 1951 817 1982 tractando
852 1952 935 1986 locos
970 1942 1033 1987 iarn
1057 1967 1153 1998 supra
1177 1967 1247 1989 cum
1275 1958 1385 1990 Cassio
1410 1960 1513 1992 Dione
1536 1965 1735 2003 comparatos
1760 1963 1863 2003 (Caes.
1888 1964 1919 2001 4,
1946 1967 1982 2002 2;

73 2007 156 2048 Epit.
182 2007 212 2045 4,
237 2007 255 2037 5
282 2022 320 2032 =
347 2005 409 2037 Dio
436 2006 487 2040 60,
513 2006 548 2041 9³
587 2003 675 2036 Caes.
700 2005 730 2043 4,
754 2005 774 2036 2
799 2022 837 2032 =
864 2005 925 2039 Dio
949 2009 1000 2047 60,
1027 2011 1079 2048 21,
1116 2011 1151 2052 3)
1176 2013 1340 2048 omittam,
1377 2016 1487 2052 restat,
1522 2017 1558 2046 ut
1588 2015 1663 2047 haec
1688 2027 1813 2058 quoque
1838 2019 1981 2060 exempla

71 2060 250 2102 proferam:

113 2166 202 2199 Caes.
215 2169 248 2204 4,
268 2166 326 2204 143
350 2166 436 2207 Epit.
453 2167 483 2203 4,
503 2166 543 2197 10
572 2164 667 2196 Visus
690 2165 774 2206 apud
787 2166 914 2208 Aegyp·
1174 2180 1251 2204 ann.
1277 2173 1306 2207 6,
1332 2172 1372 2203 28
1391 2198 1397 2204 .
1416 2198 1422 2205 .
1441 2198 1449 2205 .
1467 2198 1473 2204 .
1498 2175 1565 2205 avis
1590 2175 1728 2215 phoenix
1745 2176 1776 2206 in
1795 2176 1976 2218 Aegyptum

66 2223 138 2252 tum
162 2219 319 2258 Phoenix,
356 2230 450 2260 quem
482 2219 640 2251 volucrem
676 2219 783 2250 ferunt
817 2231 914 2252 anno
1129 2224 1218 2255 venit
1235 2249 1243 2257 .
1261 2249 1268 2256 .
1288 2250 1295 2257 .
1316 2251 1322 2257 .
1348 2225 1386 2256 de
1410 2237 1541 2257 numero
1565 2238 1720 2258 annorum
1740 2230 1825 2260 varia
1842 2231 1975 2262 tradun—

69 2273 403 2316 quingentesimo
428 2282 466 2304 ex
490 2273 605 2304 Arabis
621 2276 812 2304 memoratos
829 2273 912 2305 locos
1128 2281 1195 2315 tur3
1258 2279 1393 2310 maxime
1447 2280 1610 2321 vulgatum
1664 2282 1973 2323 quingentorum

65 2327 222 2358 advolare.
1128 2331 1310 2372 spatium.

225 2379 262 2410 In
288 2378 429 2410 Neronis
453 2380 521 2410 vita
544 2378 631 2411 Caes.
655 2379 686 2417 5,
711 2380 730 2411 S
755 2379 902 2412 Aurelius
926 2381 1046 2420 Victor,
1080 2394 1151 2415 eum
1180 2395 1213 2415 se
1250 2385 1367 2416 multos
1397 2386 1566 2427 scriptores
1591 2385 1630 2417 ad
1654 2397 1702 2418 res
1727 2389 1901 2420 narrandas
1926 2389 1975 2420 in-

66 2433 210 2474 spexisse
233 2432 379 2474 fingeret,
405 2431 549 2463 Tacitum
575 2432 636 2463 hac
659 2433 781 2464 ratione
804 2435 1005 2475 exscripsisse
1030 2436 1168 2468 videtur:

350 2112 498 2143 Aurelius
522 2111 633 2143 Victor
1016 2117 1020 2176 1
1488 2120 1618 2152 Tacitus

1016 2182 1018 2211 l

1015 2216 1017 2250 l

223 2536 243 2569 1)
263 2539 387 2571 opitz.
407 2539 478 2564 Acta
497 2538 591 2565 societ.
613 2538 681 2571 phil.
702 2539 776 2572 Lips.
795 2539 819 2564 2.
841 2540 899 2566 199.
