2234 2902
596 297 723 328 Tacitus
1183 296 1185 332 Ι
1553 291 1629 324 Vita
1652 291 1792 323 Heinrici
1816 291 1872 324 IV.

285 363 358 384 ann.
383 352 434 388 12,
461 350 500 381 15
525 352 683 391 postremo
708 349 847 380 exercitu
874 351 982 379 coacto
1002 372 1010 382 .
1028 374 1035 380 .
1053 372 1083 378 ..
1183 337 1185 407 i
1338 347 1366 378 3.
1392 345 1521 387 lterum,
1556 356 1626 377 cum
1650 345 1722 376 inde
1745 345 1905 386 digressus
1930 349 2073 387 reparato
2098 347 2130 378 in

244 405 418 446 Bosporum
448 405 613 435 invasurus
643 403 838 439 habebatur,
885 401 980 432 diffisi
1011 411 1084 442 pro·
1184 428 1186 450 1
1297 399 1382 430 brevi
1406 398 1544 430 exercitu
1568 409 1620 430 eos
1649 398 1821 434 invaderet,
1854 397 2032 429 diffidentes
2063 400 2136 431 viri-

244 459 320 499 priis
352 457 469 488 viribus
504 456 617 497 Aquila
648 458 679 486 et
709 454 805 495 Cotys
824 478 936 486 .....
966 454 1083 493 gratias
1185 463 1186 478 l
1297 453 1354 484 bus
1381 452 1444 483 suis
1462 477 1468 483 .
1487 477 1493 482 .
1513 475 1519 481 .
1544 462 1577 482 se
1600 451 1746 482 dedidere
1777 454 1938 492 sperantes
1955 476 1963 484 .
1981 476 1989 484 .
2007 477 2014 485 .
2033 476 2039 483 .
2063 464 2136 494 gra-

246 511 436 552 quaesivere.
1185 507 1187 527 ·’
1297 506 1374 536 tiam
1399 516 1485 535 suam
1511 504 1601 535 facilc
1624 504 1823 536 donaturum.

291 563 363 594 hist.
389 563 417 599 3,
443 561 483 594 76
509 572 571 593 non
596 563 702 592 intuta
726 560 884 591 moenium
913 559 1047 590 firmare.
1344 558 1392 590 13.
1418 568 1498 598 quae
1532 559 1563 588 et
1598 567 1634 587 ex
1670 556 1819 587 firmitate
1851 567 2009 589 murorum
2040 559 2073 589 et
2096 569 2134 590 ex

1298 612 1372 641 torti
1404 610 1504 641 milite
1534 610 1714 645 tutissima3
1750 608 1788 640 cf.
1814 609 1919 642 Arum.
1943 611 1993 648 31,
2021 609 2070 648 15,
2097 612 2133 649 6;

1302 664 1351 700 16,
1375 664 1405 698 4,
1430 664 1461 696 2.

414 721 515 758 Quare
540 719 644 761 paullo
667 721 739 759 post
763 727 881 748 annum
909 716 992 749 1106
1016 717 1082 747 sive
1113 718 1144 748 in
1176 706 1313 748 claustro
1338 715 1486 747 Fuldensi
1518 715 1584 746 sive
1615 716 1648 746 in
1680 715 1749 746 aliis
1773 714 1962 746 Germaniae
1993 717 2136 757 partibus

250 772 351 804 Taciti
383 775 512 804 annales
544 776 575 803 et
598 772 747 802 historiae
771 770 874 801 adhuc
910 770 1087 807 exstabant,
1124 780 1231 801 verum
1267 769 1303 800 de
1335 768 1504 800 Germania
1538 769 1663 799 libellus
1686 767 1826 799 Heinrici
1850 767 1905 800 IV.
1941 769 2139 810 imperatoris

249 826 442 867 temporibus
466 828 497 857 in
522 825 614 856 ltalia
637 824 727 855 nobis
750 824 894 855 occurrit.
946 822 1140 865 Donizo1)
1166 824 1272 864 igitur,
1302 822 1479 852 comitissae
1504 820 1666 852 Mathildis
1691 821 1820 858 amicus,
1851 831 1922 852 cum
1946 821 2029 853 dicat
2052 821 2139 856 Mon.

250 879 356 913 Germ„
379 879 505 920 Scriptt.
532 879 581 915 12,
606 878 684 909 390:

563 930 677 968 „Nunc
701 929 859 961 celebrant
882 928 1003 960 Pascha
1026 939 1096 959 cum
1122 929 1208 960 salsis
1233 940 1270 959 ex
1294 928 1481 964 Alemanna,

566 983 625 1020 Qui
648 986 814 1024 peramant
839 982 989 1018 Bachum,
1015 982 1152 1022 flagrant
1176 981 1214 1012 ad
1239 981 1469 1012 luxuriandum.

564 1036 693 1067 Illorum
717 1036 844 1077 linguas
867 1035 968 1066 nescis
994 1033 1102 1065 faciles
1126 1045 1250 1075 quoque
1274 1035 1364 1065 rixas.

566 1088 642 1120 Cum
668 1091 742 1120 suut
766 1089 878 1129 potati,
902 1098 960 1129 pro
985 1087 1096 1121 verbis,
1121 1088 1230 1123 fertur,
1255 1088 1373 1118 amaris

569 1141 683 1172 Ensem
709 1141 879 1177 denudant,
903 1141 1058 1171 sociorum
1084 1141 1200 1171 viscera
1224 1143 1382 1171 truncant.

565 1193 715 1225 Mordent
739 1204 823 1224 more
848 1193 923 1234 lupi,
947 1204 1017 1224 cum
1042 1196 1172 1223 sumunt
1195 1193 1321 1234 pabula,
1345 1194 1470 1229 cuucti;

564 1248 655 1279 Atria
679 1250 858 1279 sanctorum
882 1246 1037 1277 violenter
1060 1246 1210 1287 frangere
1234 1249 1382 1277 norunt.“

251 1302 436 1333 Germaniae
461 1304 556 1342 caput
580 1302 620 1332 22
644 1299 825 1332 recordatus
851 1302 908 1337 est,
932 1299 985 1330 ubi
1010 1299 1157 1340 legimus:
1197 1298 1359 1336 „Orchi-ae,
1384 1302 1420 1329 ut
1444 1299 1527 1329 inter
1551 1297 1742 1335 vinolentos,
1774 1299 1860 1329 rixae
1884 1307 1955 1329 raro
1980 1299 2140 1337 conviciis,

250 1355 374 1396 saepius
397 1353 492 1385 caede
515 1358 547 1385 et
570 1353 751 1385 vulneribus
775 1353 1035 1393 transiguntur.“

408 1407 552 1438 Ceterum
585 1407 685 1438 facere
713 1416 775 1437 non
800 1416 943 1446 possum,
976 1405 1050 1446 quin
1076 1415 1181 1436 eorum
1206 1406 1386 1446 opinionem
1410 1405 1556 1441 reiciam,
1594 1405 1647 1445 qui
1683 1403 1751 1434 aliis
1787 1414 1910 1444 quoque
1946 1404 2037 1435 medii
2075 1405 2142 1435 aevi

251 1461 455 1502 scriptoribus
479 1460 680 1491 Tacite-orum
703 1459 854 1490 librorum
885 1459 1034 1489 notitiam
1061 1458 1217 1488 vindicare
1241 1458 1345 1488 conati
1369 1460 1452 1489 sunt.
1500 1456 1638 1487 Primum
1664 1457 1761 1497 igitur
1786 1465 1849 1487 non
1875 1457 1935 1487 iam
1960 1457 2016 1487 sub
2040 1457 2142 1488 iudice

252 1514 289 1544 lis
313 1512 399 1552 est2),
424 1513 643 1554 Freculphum,
667 1523 736 1543 cum
760 1513 792 1542 in
819 1510 983 1542 Chronicis
1012 1513 1041 1548 2,
1067 1511 1095 1548 2,
1121 1509 1171 1551 63)
1196 1513 1228 1541 et
1251 1511 1282 1548 2,
1306 1511 1336 1548 3,
1360 1509 1408 1550 34)
1434 1509 1577 1541 Tacitum
1602 1509 1756 1546 laudaret,
1790 1509 1884 1540 verba
1909 1508 2010 1540 Orosii
2036 1509 2066 1547 7,
2094 1510 2144 1548 10,

251 1568 272 1598 4
297 1569 327 1597 et
352 1567 380 1603 7,
408 1567 457 1603 19,
480 1567 502 1597 4
524 1566 737 1606 exscripsisse.

412 1619 508 1650 Porro
532 1616 688 1659 Waitzii5)
714 1618 892 1649 coniectura
925 1617 1079 1648 adductus
1116 1628 1179 1648 non
1215 1617 1337 1653 dubito,
1374 1617 1450 1657 quin
1475 1617 1502 1646 ei
1539 1615 1697 1646 refutandi
1734 1616 1812 1652 sint,
1848 1616 1901 1656 qui
1936 1627 1973 1646 ex
1997 1615 2143 1657 Harigeri

257 1670 447 1711 Lobiensisfl)
473 1672 540 1702 loco
564 1674 659 1712 atque
686 1682 701 1702 e
726 1671 845 1702 scholio
869 1670 907 1701 ad
933 1670 1088 1701 Adamum
1115 1667 1341 1709 Bremensem7)
1367 1668 1470 1700 Taciti
1499 1669 1593 1700 libros
1618 1669 1649 1699 in
1675 1668 1736 1699 illis
1761 1668 1845 1699 orbis
1870 1672 2022 1699 terrarum
2045 1670 2145 1710 parti-

256 1725 314 1756 bus
331 1728 423 1756 notos
440 1724 535 1755 fuisse
552 1725 752 1756 concludant.
798 1723 880 1755 Nam
898 1723 1043 1764 Harigeri
1069 1724 1193 1764 quidem
1219 1723 1314 1754 verba
1337 1722 1423 1754 Mon.
1449 1721 1552 1753 Germ.
1577 1720 1656 1753 Scrr.
1689 1721 1717 1758 7,
1752 1721 1822 1758 168,
1848 1724 1883 1752 ut
1906 1721 2038 1752 antehac
2062 1721 2143 1752 falso

255 1778 480 1819 vulgabantur:
519 1778 624 1809 »Haec
648 1778 726 1818 (scil.
752 1777 887 1818 Tungri)
911 1780 960 1808 est
984 1775 1114 1807 Octavia
1138 1777 1177 1807 ob
1207 1777 1356 1806 honorem
1381 1774 1544 1806 Octaviani
1571 1775 1704 1814 Augusti
1728 1774 1776 1805 vel
1801 1774 1909 1805 matris
1932 1774 2006 1811 eius,
2031 1774 2146 1804 sororis

253 1831 331 1862 Julii
355 1830 509 1865 Caesaris,
540 1831 594 1872 qui
623 1832 725 1871 primo
750 1830 875 1862 Gallias
901 1829 1044 1861 Romano
1068 1829 1192 1870 subegit
1216 1829 1361 1869 imperim
1395 1832 1425 1858 et
1451 1827 1552 1858 fertur
1575 1826 1745 1858 Germania
1773 1827 1869 1858 fuisse
1894 1827 2074 1858 nominata«
2105 1826 2144 1858 ad

254 1884 440 1914 Germaniae
464 1886 558 1924 caput
582 1884 750 1915 secundum
775 1886 918 1924 spectare
942 1883 1139 1918 videbantur,
1176 1885 1210 1912 ut
1235 1893 1317 1913 nunc
1342 1881 1506 1912 emendata
1530 1881 1696 1921 leguntur:
1739 1880 1799 1911 »Et
1824 1878 1987 1911 Octaviam
2011 1890 2079 1910 eam
2104 1879 2143 1910 ob

412 1988 435 2022 ¹)
455 1989 584 2021 Waitz,
604 1989 799 2022 Forschungen
818 1998 865 2015 zur
884 1989 1036 2015 deutschen
1056 1988 1221 2014 Geschichte
1243 1988 1283 2019 10,
1302 1988 1361 2014 602,
1398 1987 1630 2018 Kauffmann,
1653 1986 1816 2020 Philologus
1830 1986 1871 2012 31.
1892 1986 1950 2012 751.
1988 1985 2145 2012 Panneu—

255 2034 355 2067 borg,
384 2033 501 2060 Studien
528 2043 575 2059 zur
604 2033 769 2060 Geschichte
799 2033 848 2059 der
876 2033 1014 2066 Herzogin
1034 2032 1178 2063 Mathilde,
1207 2032 1367 2065 Programm
1396 2032 1443 2058 des
1471 2031 1619 2065 Gottinger
1648 2030 1841 2067 Gymnasiums
1862 2030 1938 2063 1872,
1956 2039 1984 2064 p.
2005 2030 2045 2056 14.
2065 2045 2098 2050 —
2117 2028 2144 2062 2)

253 2078 374 2104 Ritter
393 2088 419 2112 p.
440 2078 565 2104 XXXVI.
584 2078 776 2109 Grunauer,
796 2078 835 2104 De
860 2077 984 2104 fontibus
1012 2076 1145 2103 historiae
1166 2076 1320 2109 Freculphi.
1349 2085 1375 2109 p.
1395 2075 1435 2102 57.
1457 2090 1488 2093 —
1507 2074 1531 2107 ³)
1551 2075 1696 2108 Freculph.
1722 2074 1820 2101 Chron.
1847 2075 1872 2106 2,
1900 2075 1925 2105 2,
1953 2075 1983 2100 6:
2014 2074 2145 2100 »Bellum

254 2122 385 2149 adversus
414 2123 564 2149 Germanos
591 2124 619 2148 et
648 2123 735 2148 Dacos
762 2130 811 2156 per
838 2122 946 2155 legatos
980 2120 1078 2155 gessit,
1112 2121 1173 2154 pari
1207 2120 1246 2146 rei
1280 2120 1410 2153 publicae
1441 2120 1577 2154 pernicie,
1611 2129 1673 2146 cum
1705 2120 1733 2145 et
1766 2118 1795 2144 in
1827 2119 1895 2145 urbe
1926 2119 1985 2152 ipse
2015 2119 2143 2145 senatum

253 2167 444 2200 populumque
469 2166 589 2193 laniaret
614 2168 643 2192 et
668 2166 734 2193 foris
753 2166 825 2192 male
848 2165 1049 2196 circumactum
1068 2164 1220 2191 exercitum
1239 2164 1350 2190 assidua
1369 2165 1460 2190 hostes
1486 2164 1569 2190 caede
1595 2164 1771 2190 conficerent.
1809 2163 1881 2189 Nam
1908 2164 2013 2196 quanta
2037 2162 2144 2189 fuerint

254 2211 432 2245 Diurpanaei,
454 2211 589 2237 Dacorum
602 2211 683 2244 regis,
703 2219 765 2236 cum
782 2211 869 2237 Fusco
883 2210 952 2236 duce
972 2209 1071 2241 clades,
1090 2209 1174 2242 longo
1193 2210 1273 2235 textu
1291 2209 1455 2241 evolverem,
1474 2208 1527 2234 nisi
1541 2208 1683 2235 Cornelius
1698 2207 1818 2239 Tacitus,
1840 2207 1888 2240 qui
1907 2207 1979 2233 hanc
1998 2206 2144 2234 historiam

253 2254 467 2288 diligentissime
485 2255 636 2285 contexuit,
655 2255 689 2281 de
707 2255 854 2281 reticendo
875 2254 1050 2288 captivorum
1076 2261 1190 2280 numero
1215 2255 1244 2279 et
1263 2253 1427 2280 Sallustium
1446 2253 1572 2286 Crispum
1597 2254 1626 2278 et
1650 2251 1720 2278 alios
1745 2255 1873 2277 auctores
1898 2259 1981 2284 quam
2006 2251 2144 2284 plurimos

253 2299 375 2325 sanxisse
393 2301 422 2326 et
440 2299 505 2325 inde
523 2307 551 2326 se
569 2299 659 2333 ipsum
680 2299 857 2333 potissimum
877 2298 992 2332 elegisse
1011 2297 1149 2324 dixisset«
1170 2310 1205 2316 —
1222 2296 1244 2328 ⁴)
1264 2297 1409 2331 Freeulph.
1429 2297 1528 2324 Chron.
1547 2297 1572 2329 2,
1592 2297 1616 2328 3,
1636 2296 1666 2322 3:
1701 2295 1874 2322 »Gordianus
1900 2295 2049 2322 admodum
2074 2303 2145 2329 puer

253 2342 282 2368 in
302 2343 437 2369 orientem
457 2343 493 2369 ad
514 2344 616 2370 bellum
636 2343 797 2369 Parthicum
817 2343 1001 2376 profecturus,
1020 2342 1093 2368 sicut
1112 2341 1262 2375 Eutropius
1280 2341 1387 2368 scribit.
1405 2341 1469 2367 Jani
1488 2342 1582 2374 portas
1602 2340 1721 2374 aperuit,
1747 2348 1815 2373 quas
1842 2342 1935 2366 utrum
1959 2341 2022 2373 post
2040 2339 2146 2372 Vespa-

255 2387 363 2413 sianum
383 2389 411 2413 et
430 2388 524 2414 Titum
543 2388 645 2421 aliquis
664 2387 806 2419 clauserit,
826 2387 964 2413 neminem
983 2386 1111 2420 scripisse
1130 2385 1251 2416 memini,
1271 2394 1332 2411 cum
1351 2387 1445 2411 tamen
1465 2393 1509 2411 eas
1533 2385 1569 2411 ab
1593 2384 1663 2418 ipso.
1675 2384 1844 2418 Vespasiano
1871 2384 1981 2417 apertas
2000 2382 2144 2410 Cornelius

257 2431 371 2458 Tacitus
389 2432 514 2465 prodat«
535 2446 567 2449 —
586 2430 607 2463 ⁵)
627 2431 822 2464 Forschungen
847 2440 895 2457 zur
914 2431 1066 2457 deutschen
1086 2429 1252 2456 Geschichte
1272 2429 1312 2461 10,
1331 2430 1390 2456 602.
1410 2444 1441 2447 -
1461 2427 1484 2462 ⁶)
1504 2429 1636 2462 Haupt,
1661 2428 1766 2454 Ztschr.
1791 2428 1810 2454 f.
1830 2427 1975 2453 deutsches
2000 2427 2100 2453 Altert.
2121 2427 2143 2458 5,

258 2475 299 2500 77.
336 2475 621 2508 Reifferscheid,
640 2474 765 2502 Suetonii
788 2475 943 2508 Reliquiae,
963 2473 1100 2501 Addenda
1118 2483 1145 2507 p.
1165 2473 1239 2500 XIV.
1260 2487 1291 2491 -
1311 2472 1335 2505 ⁷)
1355 2472 1638 2505 Reifferscheid,
1658 2472 1676 2498 l.
1702 2472 1719 2497 1.
