2234 2902
1040 266 1081 297 25

151 375 234 417 Epit.
261 376 290 412 8,
329 375 348 406 3
377 386 393 405 a
417 374 503 405 cuins
528 373 607 413 (scil.
631 372 830 414 Vespasiani)
865 373 947 403 mili·
1053 383 1055 438 ν
1210 371 1284 402 hist.
1309 370 1339 406 3,
1364 371 1406 402 84
1431 372 1462 402 in
1482 373 1634 412 palatium
1654 372 1829 413 regreditur
1846 398 1953 406 .....
1972 373 2011 403 ab

105 429 200 465 tibus,
233 429 406 459 certamine
438 426 495 457 sub
520 428 618 457 muris
641 427 727 457 urbis
751 425 870 463 habito,
900 437 949 456 su·
1164 423 1251 454 ⁷Julio
1276 423 1401 454 Placido
1418 425 1548 456 tribuno
1573 426 1711 456 cohortis
1736 426 2013 466 protrahitur,

105 484 242 523 peratuS,
267 491 302 511 eo
327 480 454 521 palatio,
480 490 541 520 qno
564 490 596 510 se
612 477 775 510 abdiderat
790 478 950 512 Vitellius,
1166 477 1333 507 vinctae
1368 488 1470 517 pone
1506 481 1662 518 tergum
1698 489 1780 509 man
1791 490 1806 509 u
1821 490 1852 515 ες
1893 479 2014 510 laniata

108 533 268 565 vinctis
292 542 312 564 a
340 536 452 573 tergo
483 532 683 567 manibus,
712 531 950 573 productus,
1053 565 1054 574 ἵ
1166 533 1261 566 veste,
1294 529 1457 561 foedum
1489 532 1749 572 spetaenlum
1780 532 2014 567 ducebatur,

106 586 419 617 circumducitur
442 585 487 616 ad
512 585 778 625 spectaculum
804 584 927 625 vulgi.
1053 609 1054 615 ,
1166 583 1274 614 multis
1298 582 1534 624 increpantibus
1559 583 1645 614 nullo
1672 583 1890 616 illacriniante.

150 639 234 680 Epit.
259 640 288 676 8,
323 640 344 668 4
377 649 432 679 per
467 638 566 669 scalas
597 637 768 669 Gemonias
803 637 949 674 trahitur,
1210 635 1284 669 hist.
1320 637 1349 674 3,
1386 637 1428 668 85
1465 640 1625 678 postremo
1662 637 1701 667 ad
1734 638 1913 675 Gemonias,
1951 638 2015 669 nbi

104 693 168 723 ubi
215 691 431 727 Sabinum,
490 690 731 732 Vespasiani
774 690 949 726 fratrem.
1053 727 1054 732 ¹
1165 699 1308 730 corpus
1348 689 1474 720 Flavii
1513 691 1660 721 Sabini
1698 692 1900 727 iacuerat,
1941 702 2014 732 pro-

106 745 234 776 necari
259 744 516 785 permiserat.
1165 743 1283 784 pnlere.

264 796 341 828 Cum
368 797 547 828 Flaviorum
571 806 670 837 regna
694 797 890 838 inspicerem,
916 797 994 828 haec
1018 808 1034 828 e
1052 789 1171 828 ¹Tacito
1196 797 1309 827 hausta
1333 807 1400 827 esse
1426 796 1502 827 mihi
1528 798 1688 837 persuasi:

389 851 535 881 Aurelius
560 849 670 881 Victor
1524 850 1654 882 Tacitus

150 903 237 936 Caes.
274 904 304 940 9,
351 904 363 934 1
410 902 575 934 facundiae
618 902 700 934 haud
736 913 832 944 egens
866 902 950 944 (scil.
1211 902 1286 934 hist.
1312 904 1339 941 2,
1364 903 1406 934 80
1431 902 1673 944 (Vespasianus)
1698 911 1920 935 concurrentes
1937 929 1944 936 .
1962 930 1969 937 .
1985 930 1991 937 .
2007 930 2015 937 .

106 956 336 997 Vespasianus)
362 956 552 997 promendis,
576 966 656 997 quae
680 959 830 987 senserat.
1052 959 1053 992 i
1165 956 1356 996 adloquitur,
1382 958 1459 986 satis
1484 956 1614 987 decorus
1638 957 1733 987 etiam
1759 956 1881 988 Graeca
1906 958 2016 988 facun-

1165 1008 1216 1039 dia
1252 1010 1465 1050 omninmque,
1502 1021 1581 1050 quae
1615 1010 1733 1041 diceret
1767 1014 1864 1051 atque
1899 1018 2015 1051 ageret,

1165 1064 1233 1091 arte
1256 1062 1391 1101 quadam
1416 1065 1604 1095 ostentator.

151 1113 235 1146 Caes.
266 1116 295 1152 9,
334 1115 348 1145 1
388 1114 629 1155 (Vespasianus)
666 1124 857 1155 exsanguem
895 1113 948 1145 diu
1209 1114 1248 1144 cf.
1273 1115 1347 1146 dial.
1386 1116 1423 1146 17
1461 1125 1497 1146 ac
1533 1118 1657 1146 sextam
1694 1117 1757 1147 iam
1798 1116 1898 1147 felicis
1922 1116 2014 1148 huius

106 1170 285 1209 fessumque
309 1171 462 1199 terrarum
488 1168 593 1199 orbern
620 1168 705 1198 brevi
730 1167 850 1199 refecit.
1164 1167 1360 1208 principatus
1390 1170 1571 1205 stationem,
1610 1180 1671 1210 qna
1700 1169 1916 1210 Vespasianus
1949 1181 2014 1200 rem

1164 1221 1322 1261 publicam
1348 1223 1451 1257 t'ovet3
1499 1222 1537 1254 οῖ’,
1564 1221 1652 1253 Oros.
1680 1224 1709 1259 7,
1734 1224 1764 1260 9,
1793 1223 1805 1252 1
1842 1223 2015 1264 tranquilla

1164 1275 1318 1305 serenitas
1343 1275 1401 1305 sub
1426 1274 1622 1316 Vespasiano
1649 1277 1750 1307 rediit.

150 1325 238 1358 Caes.
271 1327 302 1363 9,
337 1328 376 1363 2;
419 1326 503 1367 Epit.
535 1326 564 1363 9,
596 1327 616 1356 ὃ
647 1337 783 1367 namque
813 1327 948 1367 primum
1209 1327 1280 1358 hist.
1308 1330 1336 1364 2,
1362 1328 1402 1359 82
1427 1329 1495 1369 ipse
1518 1327 1734 1370 Vespasianus
1759 1330 1855 1366 adire,
1883 1330 2014 1365 hortari,

105 1379 257 1411 satellites
292 1379 485 1419 tyrannidis,
522 1380 582 1409 nisi
606 1379 659 1420 qui
695 1379 776 1410 forte
810 1378 951 1410 atrocius
1164 1381 1263 1411 bonos
1288 1381 1388 1418 laude,
1414 1392 1526 1422 segnes
1552 1382 1698 1423 exemplo
1726 1383 1859 1414 incitare
1877 1384 2015 1424 saepiuS,

104 1432 230 1473 longius
270 1436 504 1473 processerant,
543 1432 668 1463 flectere
697 1433 803 1473 potius
828 1433 947 1470 maluit,
1163 1444 1258 1475 quam
1282 1437 1434 1471 coercere,
1472 1436 1549 1465 vitia
1573 1436 1674 1477 magis
1706 1436 1892 1473 amicorum,
1917 1448 2012 1477 quam

105 1497 199 1527 quam
225 1487 419 1517 excruciatos
444 1485 555 1517 delere.
1164 1489 1297 1519 virtutes
1321 1488 1533 1521 dissimulans.

150 1539 235 1580 Epir.
264 1540 313 1574 10.
338 1541 357 1570 ἶ)
383 1539 439 1579 (de
463 1538 550 1577 Tito)
590 1539 644 1569 sed
680 1539 756 1569 haec
779 1539 810 1569 in
837 1539 948 1570 melius
1209 1541 1283 1574 hist.
1308 1543 1336 1579 2,
1363 1545 1381 1571 ἱ).
1408 1541 1529 1583 (Titus)
1553 1553 1618 1579 suo,
1645 1554 1739 1583 quam
1765 1544 1864 1584 patris
1881 1543 2014 1583 imperio

105 1601 266 1623 conversa.
1165 1595 1370 1631 moderatior;
1396 1595 1434 1625 cf.
1461 1595 1535 1627 hist.
1564 1598 1590 1633 l,
1616 1596 1658 1627 50
1676 1596 1726 1636 (de
1745 1595 1955 1636 Vespasiano)
1981 1597 2011 1627 in

1163 1648 1275 1679 melius
1299 1651 1440 1679 mutatus
1464 1652 1522 1681 est.

150 1698 238 1730 Caes.
267 1699 315 1735 11,
340 1698 379 1734 3;
420 1697 503 1738 Epit.
533 1699 580 1734 ll,
617 1699 635 1728 2
671 1697 726 1728 sed
750 1697 951 1729 Domitianus
1051 1720 1052 1723 =
1208 1702 1248 1734 cf.
1273 1701 1334 1732 Dio
1359 1701 1410 1741 67,
1434 1702 1463 1736 2,
1495 1704 1512 1732 5
1543 1700 1642 1736 αὐτός
1674 1714 1706 1733 τε
1735 1703 1800 1741 γὰρ
1828 1703 1893 1732 καὶΔ
1910 1703 2015 1742 (φιλεῖν

104 1753 205 1792 primo
230 1752 431 1782 clementiam
456 1751 618 1784 simulans.
1164 1751 1219 1785 τὸν
1243 1753 1385 1796 ἀδελφὸν
1408 1756 1461 1784 καὶ
1487 1757 1619 1785 πενθεῖν
1644 1761 1871 1795 προσεποιεῖτο.

264 1812 408 1854 Denique
426 1812 602 1844 Woelffliui
619 1815 807 1850 coniectura,
831 1814 897 1845 Titi
922 1818 1055 1848 mortem
1074 1816 1162 1850 Caes,
1183 1818 1232 1853 10,
1257 1817 1276 1847 5
1304 1817 1491 1858 »lautusque
1508 1828 1629 1848 veneno
1647 1818 1788 1848 interiit«
1808 1818 1846 1848 ad
1865 1817 2009 1848 Tacitum

104 1869 246 1906 spectare
277 1867 395 1907 optime
428 1877 463 1897 eo
487 1866 720 1908 comprobatur,
742 1868 825 1908 quod
849 1868 932 1909 apud
957 1868 1091 1901 Dionem
1118 1871 1169 1910 66,
1193 1870 1244 1905 26,
1270 1872 1288 1901 2
1313 1870 1464 1911 legimus:
1508 1870 1717 1909 »neumaga
1741 1874 1755 1901 ἑ
1765 1883 1780 1900 1r
1805 1877 1889 1906 τοῖς
1915 1869 2012 1901 ὕδα-

105 1918 280 1957 σιν,1)’ὲν
311 1918 359 1954 οἷς
389 1920 443 1950 καὶ
475 1918 491 1949 ό
516 1916 619 1958 πατὴρ
643 1919 755 1956 αὐτοῦ,
785 1920 829 1956 ὡς
852 1923 919 1959 μὲν
948 1920 965 1959 ἡ
1000 1921 1108 1965 φήμη
1139 1925 1268 1962 λέγει,
1305 1919 1396 1963 πρὸς
1431 1924 1502 1954 τοῦ
1538 1923 1719 1965 ἀδελφοῦ
1755 1924 2013 1959 &venture-fs,

107 1969 153 2003 ὅτι
177 1974 230 2003 καὶ
255 1971 406 2013 πρότερον
430 1970 639 2013 ἐπεβούλευτο
663 1972 713 2004 ’ὑπ’
738 1973 853 2013 αὐτοὶ,
877 1975 922 2010 ὡς
948 1976 983 2006 δέ
1004 1987 1086 2011 τινες
1111 1977 1288 2018 γράφουσι,
1313 1975 1481 2013 1νοσήίῑας.<<

263 2026 526 2068 Hegesippus
550 2027 615 2063 ille.·
647 2025 789 2068 Josephi,
823 2027 1028 2061 Judaicarum
1054 2040 1158 2061 rerum
1183 2031 1356 2070 scriptoris,
1392 2029 1527 2061 Latinus
1552 2031 1717 2071 interpres,
1754 2031 1811 2062 has
1837 2032 2011 2062 locutiones

103 2090 173 2110 cum
198 2078 310 2110 Tacito
334 2089 519 2110 communes
544 2079 688 2120 praebet:

466 2132 596 2164 Tacitus
1051 2136 1053 2157 ¹
1491 2136 1691 2178 Hegesippus

149 2185 222 2216 hist.
251 2186 277 2222 1,
305 2186 359 2223 143
388 2188 414 2224 l,
442 2186 500 2226 173
526 2187 554 2224 2,
580 2185 639 2227 52;
1209 2190 1237 2224 2,
1261 2191 1291 2225 4.
1319 2191 1358 2220 14
1382 2189 1470 2220 vultu
1496 2190 1685 2231 habituque;

148 2292 223 2331 Agr.
250 2291 311 2328 43;
336 2292 397 2322 44:

148 2343 236 2375 vultu
262 2344 445 2385 habituque.

147 2395 220 2428 hist.
249 2401 277 2435 1,
301 2398 343 2428 44
367 2398 407 2428 ad
432 2408 581 2438 praesens
604 2399 636 2429 in
663 2401 832 2439 posterum.

147 2450 220 2481 hist.
258 2451 286 2488 1,
322 2451 363 2481 49
401 2450 484 2481 hunc
518 2452 636 2482 exitum
672 2451 784 2495 habuit
818 2451 946 2484 Servius

103 2502 213 2536 Galba.

1209 2404 1236 2438 1,
1261 2403 1313 2439 38,
1338 2403 1357 2434 8
1383 2403 1421 2434 ad
1447 2414 1594 2443 praesens
1619 2404 1651 2434 in
1676 2404 1841 2444 reliquum.

147 2247 224 2270 ann.
254 2239 300 2276 15,
325 2239 383 2280 723
409 2240 459 2275 16,
487 2240 545 2275 12;
1209 2242 1248 2274 ef.
1274 2243 1378 2274 Amm.
1403 2243 1454 2279 30,
1479 2243 1508 2280 4,
1536 2244 1585 2275 11.

1050 2456 1052 2503 j
1211 2456 1238 2492 1,
1264 2456 1315 2492 46,
1340 2455 1380 2486 27
1407 2455 1490 2486 hunc
1516 2457 1609 2487 finem
1635 2456 1745 2487 habuit
1770 2456 1920 2488 Herodes.

1050 2508 1052 2534 ι

262 2580 284 2615 ¹)
303 2582 344 2608 Cf.
364 2582 440 2608 Suet.
459 2582 513 2608 Tit.
536 2582 580 2608 11:
614 2583 745 2610 »excessit
764 2584 791 2609 in
812 2583 917 2610 eadem.
951 2594 1006 2618 qua
1027 2588 1115 2620 pater,
1145 2588 1264 2614 villa«
1287 2590 1314 2613 et
1335 2589 1400 2613 Aur.
1422 2587 1494 2613 Vict.
1515 2588 1587 2621 Epit.
1612 2590 1649 2615 10.
1671 2589 1721 2615 15:
1757 2589 1799 2614 »in
1820 2589 1924 2615 eodeni.
1955 2599 2010 2622 qna

108 2629 195 2658 pater,
215 2626 290 2659 apud
301 2626 418 2652 Sabinos
440 2634 533 2659 agro
553 2627 623 2653 febri
643 2627 762 2654 interiit.

1797 2679 1817 2708 4
