2234 2902
537 333 667 365 Tacitus

228 399 301 419 ann.
327 387 357 424 4,
383 387 402 418 8
427 386 560 417 effusum
585 385 617 417 in
640 385 785 417 lacrimas
810 389 965 418 senatum.

226 503 300 526 ann,
328 492 376 528 13,
402 491 444 523 38
469 494 621 532 vergente
643 491 706 522 iam
730 493 794 529 die;
833 503 907 525 ann.
935 493 983 527 11,
1007 493 1026 522 4

181 549 334 576 autumno
358 548 519 585 vergente.

225 820 297 840 ann.
325 810 374 846 14,
400 811 418 839 2
443 819 513 840 cum
537 809 621 841 Nero
649 820 705 851 per
729 810 836 841 vinum
860 814 890 842 et
916 811 1025 851 epulas

181 862 396 898 incalesceret.

225 926 298 947 ann.
326 916 377 951 15,
404 916 446 947 28
471 915 596 946 dextras
623 916 760 948 miscere.

225 979 300 1000 aun.
329 968 378 1005 15,
403 967 446 998 44
474 968 594 999 laniatu
617 979 730 999 canum
753 967 928 999 interirent.

225 1030 299 1051 aun.
330 1020 379 1058 16,
407 1021 447 1052 18
471 1021 633 1051 revolutus
656 1021 696 1051 ad
721 1022 808 1053 vitia.

226 1073 303 1115 Agr.
330 1074 373 1105 26
398 1076 521 1104 mutato
548 1076 677 1114 repente
700 1073 839 1105 consilio.

226 1179 302 1219 Agr.
328 1179 372 1210 30
396 1179 549 1219 proelium
578 1182 610 1209 et
645 1190 741 1216 arma,
783 1189 862 1219 quae
896 1179 1029 1210 fortibus

181 1233 325 1268 honesta,
351 1232 458 1262 eadem
484 1233 579 1263 etiam
604 1233 729 1273 ignavis
753 1233 913 1263 tutissima
937 1235 1026 1267 sunt;

181 1284 256 1317 hist.
280 1284 310 1321 2,
352 1284 394 1315 76
430 1295 523 1324 quam
560 1284 730 1315 inhonesta
770 1288 834 1316 tam
866 1288 935 1316 tuta
967 1297 1030 1316 ser-

183 1337 266 1368 vitus
291 1340 382 1368 esset.

228 1390 304 1431 Agr.
330 1390 372 1422 40
396 1394 548 1430 exceptus
572 1389 661 1421 brevi
685 1391 800 1422 osculo.

227 1549 305 1590 Agr.
330 1549 372 1580 44
402 1560 465 1580 non
496 1550 559 1580 iam
587 1559 644 1590 per
675 1550 848 1581 intervalla
873 1553 904 1581 et
928 1552 1030 1592 spira-

182 1605 293 1633 menta
316 1604 505 1642 temporum.

1113 229 1156 261 20

1570 338 1757 368 Ammianus

1287 389 1339 426 25,
1364 390 1394 426 5,
1419 390 1438 421 6
1462 390 1494 421 in
1523 389 1667 421 lacrimas
1691 390 1781 421 effusi
1809 393 1884 421 sunt
1914 401 2023 422 omnes
2051 395 2081 422 et

1244 441 1380 479 luctum;
1405 443 1444 475 cf.
1468 442 1552 475 Just.
1577 443 1605 479 1,
1631 443 1660 479 8,
1685 442 1714 474 9.

1289 496 1337 531 17,
1376 495 1424 529 13,
1458 496 1492 532 8;
1531 495 1582 532 22,
1620 496 1669 529 13,
1706 496 1726 526 5
1763 498 1911 536 vergente
1946 496 1978 526 in
2013 506 2081 526 ves-

1240 557 1346 587 peram
1372 547 1437 584 die3
1461 547 1501 580 cs.
1529 549 1579 585 31,
1605 548 1653 584 10,
1691 549 1727 580 13
1752 551 1902 589 vergente
1930 549 1961 579 in
1990 549 2081 579 meri-

1243 598 1325 630 diem
1357 599 1421 635 die;
1457 600 1508 637 23,
1539 600 1569 637 5,
1604 600 1641 631 12
1671 600 1736 631 sole
1770 603 1921 641 vergente
1954 601 2016 631 iam
2048 602 2081 631 in

1241 663 1405 689 occasum;
1451 653 1511 689 31,
1551 653 1587 687 8,
1630 654 1648 684 2
1693 664 1777 684 anuo
1820 654 1851 684 in
1899 657 2082 684 autumnum

1243 709 1408 746 vergente;
1462 706 1521 743 31,
1570 706 1627 742 10,

1242 758 1273 788 in
1313 758 1458 791 hiemem.

1290 812 1346 848 30,
1375 812 1408 848 1,
1435 812 1477 843 20
1500 811 1562 841 iam
1587 811 1659 841 vino
1682 810 1893 843 incaliscente.

1676 706 1690 735 1
1739 708 1890 736 autumno
1936 709 2085 745 vergente

1297 917 1344 952 16,
1373 917 1421 952 12,
1446 916 1486 948 37
1511 916 1657 946 dexterae
1679 916 1818 947 dexteris
1841 916 2063 950 miscebantur,

1296 968 1345 1005 19,
1369 970 1399 1005 5,
1424 971 1444 1001 6
1468 970 1596 1000 laniatis
1619 969 1801 1010 corporibus
1824 969 2007 1000 interibant.

1292 1023 1343 1059 24,
1368 1024 1397 1058 3,
1423 1021 1442 1054 6
1466 1023 1502 1052 ad
1528 1022 1716 1053 seditionum
1742 1022 1875 1053 revoluti
1899 1021 2059 1055 dedecora.

1296 1076 1346 1111 14,
1371 1076 1422 1111 10,
1450 1077 1486 1106 11
1512 1077 1633 1106 mutato
1657 1078 1786 1115 repente
1809 1075 1956 1112 consilio,
1980 1075 2019 1107 ef.
2034 1076 2085 1113 29,

1248 1129 1276 1163 2,
1303 1128 1344 1159 23
1367 1131 1489 1158 mutata
1512 1131 1642 1168 repente
1665 1137 1809 1168 persona.

1292 1181 1344 1218 28,
1384 1182 1411 1217 1,
1448 1181 1489 1211 35
1520 1181 1686 1211 honestum
1720 1186 1752 1211 et
1781 1183 1900 1217 tutum;
1938 1181 1978 1213 cf.
2002 1180 2083 1212 Just.

1243 1235 1295 1271 21,
1320 1234 1348 1269 5,
1375 1234 1424 1264 10.

1287 1393 1339 1428 22,
1365 1393 1393 1426 9,
1421 1393 1458 1423 13
1485 1393 1591 1423 osculo
1615 1396 1792 1433 susceptus:
1829 1392 1867 1423 cf.
1900 1393 1951 1430 29,
1983 1392 2012 1428 5,
2045 1393 2084 1424 16

1244 1449 1411 1486 susceptus
1435 1456 1505 1476 cum
1529 1445 1650 1480 osculm
1679 1445 1729 1481 22,
1761 1447 1790 1482 7,
1822 1444 1841 1476 3
1869 1445 2083 1476 exosculatum

1245 1502 1495 1539 susceptumque.

1291 1553 1343 1587 29,
1371 1553 1399 1589 1,
1423 1552 1465 1582 40
1489 1553 1557 1582 sine
1580 1552 1772 1592 spiramento
1788 1551 1836 1581 vel
1854 1561 1954 1587 moraz
1977 1551 2017 1582 cf.
2038 1551 2085 1588 14,

1249 1605 1278 1641 7,
1306 1605 1345 1636 15
1377 1605 1444 1635 siue
1468 1605 1661 1645 spiramento
1685 1604 1758 1635 ullo.

345 1662 518 1694 Praeterea
554 1664 671 1695 multae
701 1675 750 1695 res
783 1666 814 1695 in
839 1665 998 1696 Ammiani
1030 1667 1161 1698 annales
1195 1678 1233 1698 ex
1264 1666 1367 1697 Taciti
1395 1667 1482 1697 libris
1506 1667 1708 1707 irrepserunt.
1754 1665 1812 1696 Ille
1836 1666 1919 1696 enim
1942 1676 2012 1697 cum
2037 1667 2087 1703 15,

181 1716 209 1751 8,
236 1717 257 1747 4
280 1714 442 1747 Julianum
467 1728 485 1747 a
510 1716 699 1748 Constantio
724 1721 754 1748 et
779 1718 829 1753 27,
860 1719 889 1753 6,
920 1718 939 1748 5
964 1719 1149 1750 Gratianum
1175 1731 1193 1750 a
1219 1719 1454 1750 Valentiniano
1478 1720 1510 1750 in
1534 1720 1715 1750 societatem
1740 1720 1829 1760 regni
1853 1722 1998 1760 acceptos
2021 1729 2088 1751 esse

181 1769 327 1810 fingeret,
352 1767 392 1799 ad
416 1769 541 1800 Pisonis
567 1770 767 1810 adoptionem
793 1769 883 1812 (hist.
910 1771 937 1808 1,
972 1772 1010 1802 15
1036 1771 1098 1814 sq.)
1123 1775 1219 1814 atque
1249 1783 1322 1803 cum
1345 1771 1508 1803 ,Iulianum
1531 1771 1613 1812 apud
1638 1771 1771 1802 Parthos
1794 1772 1978 1803 morientem
2004 1772 2087 1804 faee-

180 1825 234 1852 ret
258 1820 325 1863 (25,
349 1822 377 1857 3,
406 1822 443 1853 19
468 1825 529 1862 sq.)
557 1822 597 1853 ad
622 1821 758 1854 Othonis
786 1824 904 1854 exitum
930 1823 1017 1863 (hist.
1042 1825 1071 1862 2,
1096 1825 1137 1855 47
1163 1826 1229 1867 sq.)
1255 1826 1426 1866 spectavit:

546 1875 676 1906 Tacitus

229 1926 303 1959 hist.
332 1927 359 1964 1,
386 1928 425 1958 15
449 1928 548 1969 igitur
566 1927 668 1959 Galba
691 1929 948 1970 apprehensa
972 1929 1029 1960 Pi-

184 1980 295 2011 sonis
320 1991 433 2011 manu
457 1981 489 2011 iu
514 1980 597 2012 hunc
621 1982 748 2012 modum
774 1983 895 2013 locutus
920 1982 1029 2015 fertur.

227 2190 301 2223 hist.
328 2192 356 2229 1,
391 2192 432 2222 16
457 2192 509 2232 (ex
542 2192 661 2224 Galbae
701 2189 858 2234 oratione)
903 2203 1029 2225 monere

183 2243 301 2274 diutius
326 2255 429 2285 neque
452 2246 607 2285 temporis
631 2245 723 2276 huius
748 2250 779 2277 et
802 2246 964 2287 impletum
982 2250 1029 2278 est

182 2307 276 2327 omne
298 2297 477 2335 consilium,
502 2299 527 2329 si
552 2301 583 2329 te
609 2298 687 2329 bene
710 2300 801 2340 elegi.

226 2349 300 2381 hist.
325 2350 355 2387 2,
381 2350 422 2382 47
447 2351 498 2391 (ex
526 2350 663 2383 Othonis
687 2353 845 2393 oratione)
873 2352 925 2384 alii
960 2353 1029 2383 diu-

181 2402 246 2432 tins
270 2403 436 2443 imperium
464 2405 640 2442 tenuerint,
676 2416 768 2436 nemo
803 2409 868 2437 tam
904 2405 1029 2437 fortiter

182 2453 354 2496 reliquerit.

1571 1877 1758 1908 Ammianus
1781 1919 1783 1921 v

1294 1932 1343 1967 15,
1366 1932 1396 1968 8,
1425 1933 1445 1961 4
1470 1931 1632 1971 Augustus
1663 1931 1744 1970 (scil.
1772 1930 1990 1970 Constantius)
2020 1933 2086 1963 ins-

1247 1984 1383 2015 cendens
1399 1995 1443 2014 eu
1455 1995 1540 2024 mqu
1552 1995 1567 2014 e
1584 1983 1773 2024 (Julianum)
1791 1995 1898 2026 mauu
1914 1986 2085 2017 retinens

1247 2037 1414 2068 dextera
1438 2037 1513 2067 haec
1537 2047 1679 2067 sermone
1702 2036 1824 2077 placido
1848 2039 2013 2078 peroravit.

1294 2089 1344 2123 27,
1380 2090 1410 2128 6,
1446 2090 1465 2121 5
1490 2089 1725 2130 (valentianus)
1754 2089 1900 2121 dextra
1921 2101 2084 2131 puerum

1243 2141 1456 2183 (Gratianum)
1483 2142 1780 2183 adprehensum.
1956 2178 1959 2181 Χ

1295 2195 1348 2232 27,
1373 2196 1402 2233 6,
1429 2196 1468 2226 13
1494 2198 1543 2234 (ex
1574 2194 1789 2226 Valentiniani
1825 2197 1982 2239 oratione)
2010 2198 2086 2229 haec

1244 2258 1300 2288 pro
1328 2253 1470 2289 tempore
1494 2249 1689 2288 praecepisse
1713 2248 1858 2286 sufficiet,
1887 2253 1990 2281 cetera
2019 2262 2085 2282 mo-

1243 2311 1316 2331 nere
1341 2311 1402 2331 non
1428 2301 1580 2333 desinam.

1294 2353 1347 2390 25,
1371 2354 1401 2391 3,
1429 2354 1467 2385 19
1485 2354 1535 2393 (ex
1551 2353 1669 2384 Juliani
1686 2355 1841 2395 oratione)
1873 2365 1974 2397 aequo
2001 2357 2082 2387 enim

1244 2405 1362 2436 iudicio
1380 2407 1466 2436 iuxta
1483 2406 1611 2437 timidus
1635 2409 1683 2437 est
1707 2410 1737 2438 et
1760 2408 1902 2449 ignavus,
1926 2409 1991 2449 qui,
2013 2420 2082 2440 cum

1243 2469 1306 2489 non
1331 2462 1465 2499 oportet,
1495 2459 1573 2489 mori
1601 2459 1768 2498 desiderat,
1794 2462 1825 2491 et
1856 2460 1909 2502 qui
1937 2461 2082 2502 refugiat,

1242 2521 1311 2543 cum
1336 2513 1377 2542 sit
1400 2514 1601 2553 oportunum.
