2234 2902
1114 214 1156 245 30

181 322 310 359 propter
326 322 454 360 peccata
470 319 631 349 hominum
657 319 839 349 civitatibus
864 319 954 358 quasi
979 320 1109 359 ignarus
1134 318 1332 360 expresserit,
1356 319 1451 359 paulo
1473 322 1546 358 post
1570 319 1657 349 velut
1680 319 1797 350 oblitus
1823 319 1943 350 consilii
1968 320 2082 350 subicit

181 376 210 403 et
233 371 326 403 dicit:
354 372 441 412 »Ego
466 373 547 403 sicut
571 372 695 403 inclitas
720 373 879 413 quondam
904 372 996 402 urbes
1020 373 1093 413 igne
1117 372 1244 403 caelesti
1267 372 1416 412 flagrasse
1440 372 1657 408 concesserim,
1691 373 1737 402 ita
1761 372 1862 402 halitu
1886 371 1971 402 lacus
1995 371 2081 403 infici

178 427 294 456 terram
319 426 351 456 et
374 426 530 466 corrumpi
554 436 674 455 reor.‹<«

342 478 426 513 Quae
463 488 530 508 cum
558 476 686 508 Orosius
712 477 749 508 ad
782 477 910 507 verbum
934 488 1080 518 expressa
1111 476 1203 508 nobis
1234 480 1401 518 proponat,
1433 486 1497 507 non
1526 477 1654 508 dubium
1679 480 1736 514 est,
1761 478 1836 518 quin
1861 479 1890 514 7,
1916 478 1945 514 3,
1971 478 1987 508 7
2013 477 2082 518 ipsa

185 530 287 561 Taciti
313 531 410 561 verba
434 541 470 561 ex
496 530 697 561 historiarum
723 530 802 561 libro
835 533 924 560 sexto
956 531 1121 570 praebeat:
1163 529 1305 561 »Deinde
1328 533 1365 560 ut
1389 528 1492 560 verbis
1517 529 1654 560 Cornelii
1680 529 1781 560 Taciti
1805 529 1937 571 loquar:
1979 529 2081 561 »Sene

184 584 329 623 Augusto
353 582 453 613 Janus
488 582 678 624 patefactus,
715 584 787 614 dum
823 583 907 623 apud
940 585 1097 613 extremos
1128 586 1281 613 terrarum
1313 583 1467 613 terminos
1499 593 1598 613 novae
1629 585 1740 623 gentes
1774 594 1866 623 saepe
1900 594 1937 613 ex
1969 593 2026 613 usu
2051 585 2082 613 et

182 635 351 676 aliquando
387 647 455 666 eum
488 636 603 667 damno
635 640 848 677 quaeruntur,
878 646 975 676 usque
1008 636 1045 666 ad
1071 635 1259 676 Vespasiani
1282 636 1408 666 duravit
1431 637 1629 676 imperium«
1684 635 1853 676 Hucusque
1884 635 2077 668 Cornelius«

184 687 270 719 Haec
303 688 414 721 verba.
446 698 527 729 quae
559 700 628 720 cum
654 688 743 721 Oros.
768 692 797 725 ὕ,
823 692 874 725 22,
899 689 917 718 2
943 690 975 719 et
998 688 1027 724 7,
1053 691 1103 725 19,
1128 689 1148 719 4
1178 688 1369 719 conferenda
1401 691 1485 726 sunt,
1518 688 1647 718 Tacitus
1679 699 1714 719 eo
1745 688 1814 719 loco
1838 688 1992 724 adiunxit,
2018 699 2079 729 quo

184 740 413 781 Vespasianum
440 741 669 782 Hierosolymis
693 742 803 772 deletis
828 741 946 772 Janum
971 741 1169 772 claudentem
1194 741 1278 778 fecit,
1303 752 1374 772 nam
1400 741 1491 772 facile
1515 742 1558 771 eis
1583 741 1751 778 adduntur,
1776 752 1855 782 quae
1879 740 2025 772 Orosium
2051 741 2079 777 7,

183 793 211 830 9,
237 795 321 824 4—9
347 805 362 824 e
386 794 461 825 solis
486 794 626 825 historiis
651 794 787 825 Taciteis
811 794 928 825 referre
952 805 1047 834 supra
1070 794 1294 824 demonstravi.
1343 794 1506 825 Praeterea
1523 792 1611 825 Oros.
1636 795 1665 830 7,
1690 795 1720 831 8,
1745 796 1763 826 9
1789 804 1826 824 ex
1851 794 1924 824 hist.
1949 794 1979 830 4,
2006 795 2021 824 1
2048 797 2080 825 et

183 848 201 876 2
226 846 353 877 fluxisse
378 847 447 877 ideo
470 848 620 888 suspicor,
646 848 793 888 quoniam
819 858 882 878 non
907 846 1076 877 difficulter
1100 858 1136 878 ex
1153 846 1245 877 initio
1263 847 1354 877 huius
1371 847 1442 878 libri
1459 848 1595 888 irrepere
1612 847 1716 887 potuit
1732 850 1764 877 et
1780 847 1864 888 apud
1882 846 2079 886 Suetonium,

182 910 274 939 quem
299 901 329 936 7,
355 901 383 937 8,
410 900 427 930 8
452 911 551 941 usque
575 900 612 930 ad
637 899 759 931 Vitellii
785 911 810 932 c.
837 900 877 931 17
902 900 955 931 fin.
980 900 1144 940 expilavit,
1169 911 1193 931 c.
1222 900 1261 931 18
1284 899 1363 930 nihil
1389 900 1540 931 eiusmodi
1565 902 1678 941 exstat,
1711 900 1740 937 7,
1765 901 1795 938 9,
1823 902 1858 931 1:
1886 900 2077 941 »tranquilla

183 953 337 983 serenitas
369 954 426 984 sub
451 952 647 994 Vespasiano
671 953 781 984 rediit«
808 964 845 984 ex
869 952 944 985 hist.
969 952 1023 984 VI.
1049 953 1198 984 haustum
1223 963 1289 983 esse
1321 951 1483 992 videtur1),
1510 953 1538 990 7,
1564 954 1593 990 9,
1620 954 1657 983 3:
1685 953 1813 993 »itaque
1837 963 1907 984 cnm
1930 952 2079 991 Judaeos,

183 1005 290 1036 multis
315 1015 422 1036 eorum
446 1005 570 1047 oppidis
593 1007 694 1046 captis
712 1007 743 1037 in
762 1006 870 1036 urbem
888 1005 1181 1047 Hierosolymorum
1198 1006 1365 1046 praecipue
1381 1005 1421 1036 ob
1438 1005 1520 1036 diem
1537 1006 1654 1036 testum
1672 1009 1891 1047 congregatos
1917 1004 2079 1036 obsidione

182 1058 363 1088 clausisset«
397 1068 468 1089 cum
501 1058 573 1091 hist.
599 1060 628 1097 5,
661 1059 717 1095 10;
757 1058 828 1091 Sev.
853 1058 968 1089 Chron.
992 1059 1023 1094 2,
1047 1059 1099 1096 29,
1125 1059 1162 1095 4;
1195 1059 1224 1095 2,
1249 1059 1300 1095 30,
1325 1059 1345 1089 3
1369 1059 1448 1089 bene
1471 1059 1630 1095 convenit,
1657 1057 1861 1099 eiusdemque
1884 1057 2078 1099 paragraphi

181 1110 294 1141 verba:
322 1111 395 1142 »sed
418 1112 547 1153 cognita
570 1112 791 1142 interfectione
815 1111 937 1142 Vitellii
966 1112 1127 1152 paulisper
1151 1111 1362 1142 Alexandriae
1386 1110 1549 1142 substitit«
1576 1111 1751 1142 abhorrent
1774 1122 1792 1141 a
1817 1111 1902 1142 Suet.
1927 1110 2022 1152 Vesp.
2048 1113 2078 1149 7,

181 1163 234 1203 qui
258 1164 321 1194 iam
338 1166 410 1195 ante
428 1164 550 1195 Vitellii
566 1165 691 1195 caedem
705 1164 936 1205 Vespasianum
955 1165 1164 1195 Alexandriae
1189 1168 1438 1195 commorantem
1455 1164 1565 1204 fingit:
1590 1164 1723 1205 denique
1739 1165 1842 1195 facere
1860 1174 1922 1195 non
1939 1174 2080 1204 possum,

181 1216 256 1256 quin
282 1227 319 1247 ex
343 1217 397 1254 eis,
423 1228 502 1258 quae
527 1217 682 1258 Sulpicius
699 1221 730 1248 et
747 1216 875 1248 Orosius
893 1217 930 1248 de
947 1216 1241 1258 Hierosolymorum
1259 1218 1390 1248 interitu
1407 1220 1546 1254 narrant,
1572 1217 1631 1248 hoc
1646 1217 1858 1257 fragmentum
1876 1217 2078 1248 historiarum

181 1268 404 1310 proponam²Jz
442 1269 555 1301 »Titus
580 1281 652 1301 vero
675 1270 829 1301 machinis
854 1271 1037 1311 cunctisque
1061 1270 1181 1301 bellicis
1206 1269 1341 1301 molibus
1365 1281 1482 1311 magna
1505 1281 1540 1301 ac
1564 1272 1712 1301 diuturna
1735 1270 1899 1301 obsidione
1922 1281 1987 1300 non
2011 1271 2079 1300 sine

183 1323 282 1353 multo
306 1333 434 1354 suorum
458 1324 612 1364 sanguine
635 1322 773 1354 Judaeos
797 1322 953 1364 pressit3).
1002 1324 1051 1354 Ad
1083 1328 1273 1360 extremum,
1306 1324 1379 1364 quia
1411 1322 1497 1354 nulla
1528 1333 1630 1365 neque
1660 1324 1745 1365 pacis
1779 1333 1879 1364 neque
1910 1323 2079 1353 deditionis

181 1375 271 1415 eopia
294 1375 438 1413 dabatur,
463 1375 546 1407 fame
570 1377 745 1407 interibant
769 1378 951 1417 passimque
976 1378 1042 1407 viae
1067 1376 1187 1417 oppleri
1211 1376 1413 1407 cadaveribus
1438 1387 1575 1417 coepere,
1601 1378 1684 1407 victo
1706 1377 1768 1407 iam
1787 1375 1891 1406 officio
1918 1375 2078 1416 humandi,

181 1428 257 1468 quin
281 1429 388 1459 omnia
412 1429 548 1460 nefanda
571 1440 642 1460 esca
666 1440 759 1469 super
783 1430 849 1460 ausi
875 1441 914 1461 ne
937 1429 1084 1460 humanis
1108 1429 1235 1471 quidem
1259 1430 1441 1470 corporibus
1473 1435 1691 1470 pepercerunt,
1723 1430 1784 1460 nisi
1817 1439 1896 1469 quae
1927 1427 2079 1458 eiusmodi

182 1480 342 1512 alimentis
365 1482 456 1512 tabes
478 1483 704 1523 praeripuerat.
751 1482 854 1524 Igitur
877 1482 1007 1513 defessis
1036 1480 1282 1520 defensoribus&
1316 1482 1441 1513 tandem
1474 1493 1579 1513 muros
1610 1482 1749 1513 civitatis
1780 1483 1903 1522 irrupit.
1950 1481 2009 1512 Sed
2041 1480 2080 1510 ad

180 1534 423 1574 expugnandam
447 1535 630 1565 interiorem
654 1535 765 1576 templi
782 1536 1001 1572 munitionem,
1027 1545 1121 1575 quam
1139 1534 1258 1565 reclusa
1274 1535 1443 1566 multitudo
1460 1536 1659 1566 sacerdotum
1676 1538 1707 1566 et
1723 1535 1900 1576 principum
1918 1533 2079 1570 tuebatur,

182 1588 297 1617 maiore
321 1588 351 1617 vi
376 1590 407 1618 et
432 1598 520 1618 mora
544 1598 622 1629 opus
645 1586 746 1628 fnit5).
793 1588 881 1624 Quod
906 1592 1015 1619 tamen
1039 1590 1209 1628 postquam
1226 1588 1259 1618 in
1276 1591 1467 1629 potestatem
1484 1589 1645 1619 redactum
1663 1599 1756 1629 opere
1773 1591 1868 1629 atque
1885 1586 2080 1628 antiquitate

180 1638 360 1680 suspexitss),
384 1640 525 1671 adhibito
550 1639 681 1672 consilio
705 1641 792 1681 prius
816 1641 1011 1678 deliberavit,
1036 1650 1077 1671 an
1102 1640 1256 1681 templum
1288 1642 1369 1672 tanti
1400 1642 1503 1682 operis
1537 1644 1701 1673 everteret.
1758 1640 1885 1672 Etenim
1917 1639 2079 1671 nonnullis

182 1692 355 1730 videbatur,
380 1693 488 1724 aedem
513 1696 669 1725 sacratam
695 1694 779 1724 ultra
804 1695 910 1725 omnia
939 1694 1085 1724 mortalia
1108 1693 1262 1724 illustrem
1288 1704 1350 1724 non
1374 1694 1486 1724 debere
1509 1694 1621 1731 deleri,
1654 1704 1735 1735 quae
1758 1696 1881 1724 servata
1906 1692 2078 1723 modestiae

181 1744 342 1776 Romanae
366 1747 594 1782 testimonium,
617 1747 722 1778 diruta
745 1758 915 1788 perennem
939 1747 1136 1778 crudelitatis
1166 1750 1275 1777 notam
1306 1747 1479 1788 praeberet.
1527 1749 1571 1778 At
1602 1751 1716 1778 contra
1747 1747 1800 1778 alii
1832 1752 1864 1777 et
1889 1745 1981 1776 Titus
2012 1746 2080 1786 ipse

179 1799 380 1829 evertendum
406 1799 560 1840 templum
584 1800 739 1841 imprimis
765 1800 947 1833 censebant,
972 1811 1034 1840 quo
1059 1801 1181 1841 plenius
1205 1799 1398 1831 Judaeorum
1423 1803 1455 1830 et
1478 1799 1729 1831 Christianorum
1759 1800 1872 1840 religio
1903 1798 2078 1830 tolleretur.

178 1850 301 1892 Quippe
324 1851 381 1882 has
405 1852 584 1893 religiones,
608 1853 681 1884 licet
705 1854 879 1884 contrarias
903 1853 973 1890 sibi,
997 1852 1108 1884 iisdem
1134 1857 1239 1884 tamen
1265 1854 1448 1884 auctoribus
1471 1854 1646 1895 profectas,
1671 1853 1870 1885 Christianos
1893 1861 1933 1883 ex
1948 1850 2079 1882 Judaeis

177 1904 353 1941 exstitisse3
378 1905 480 1936 radice
504 1905 629 1936 sublata
652 1906 783 1946 stirpem
809 1905 898 1937 facile
921 1904 1134 1946 periturum.⁷)
1182 1905 1313 1947 (igitur)
1339 1906 1432 1937 Titus
1456 1907 1609 1947 templum
1634 1908 1666 1937 in
1685 1906 1915 1946 Hierosolymis
1939 1903 2080 1935 incendit

178 1967 214 1988 ac
238 1956 334 1988 diruit
357 1956 453 2000 [quod
477 1969 495 1988 a
519 1958 568 1989 die
591 1958 781 1990 conditionis
805 1959 926 1999 primae
950 1969 1049 1998 usque
1073 1959 1110 1989 ad
1129 1958 1212 1990 diem
1229 1960 1401 1990 eversionis
1418 1958 1548 1990 ultimae
1566 1962 1723 1990 manserat
1740 1959 1833 1990 annis
1849 1958 1935 1989 mille
1952 1960 2079 1988 centum

178 2012 209 2040 et
232 2010 365 2050 duobus]
392 2011 449 2049 (et)
473 2021 579 2042 muros
602 2012 688 2042 urbis
705 2012 871 2042 universos
895 2011 962 2042 solo
986 2010 1215 2053 adaequavit.8)
1261 2012 1416 2043 Sexceuta
1441 2013 1527 2043 milia
1542 2012 1735 2044 Judaeorum
1752 2023 1789 2043 eo
1805 2012 1887 2043 bello
1911 2012 2080 2043 interfecta

180 2061 293 2104 sunt9).
341 2062 555 2104 Vespasianus
579 2067 610 2094 et
635 2063 727 2095 Titus
762 2065 970 2105 imperatores
994 2066 1197 2105 magnificum
1221 2069 1351 2107 agentes
1376 2064 1414 2096 de
1437 2065 1567 2096 Judaeis
1591 2065 1786 2106 triumphum
1810 2064 1919 2096 urbem
1943 2064 2079 2105 ingressi

179 2118 263 2147 sunt.
311 2115 480 2147 Pulchrum
505 2119 536 2147 et
559 2117 706 2157 ignotum
739 2120 833 2148 antea
864 2117 986 2148 cunctis
1010 2118 1198 2149 mortalibus
1221 2119 1306 2149 inter
1328 2121 1487 2149 trecentos
1512 2120 1625 2159 viginti
1646 2118 1835 2159 triumphos,
1860 2119 1914 2159 qui
1937 2129 1955 2149 a
1971 2118 2080 2149 condi-

177 2169 266 2199 tione
296 2168 382 2199 urbis
411 2179 510 2210 usque
541 2170 574 2200 in
598 2170 629 2200 id
652 2172 778 2211 tempus
802 2171 864 2201 acti
889 2173 990 2205 erant.
1020 2170 1078 2201 hoc
1102 2170 1314 2211 spectaculum
1345 2170 1420 2209 fuit,
1452 2175 1574 2212 patrem
1605 2174 1636 2202 et
1668 2171 1767 2202 filium
1800 2182 1863 2202 uno
1894 2170 2080 2212 triumphali

177 2231 269 2252 curru
294 2224 400 2252 vectos
424 2221 683 2262 gloriosissimam
708 2222 762 2262 [ab
788 2222 846 2260 his,
872 2222 926 2263 qui
950 2222 1077 2254 Patrem
1102 2225 1133 2254 et
1157 2223 1272 2255 Filium
1297 2223 1492 2255 offenderant
1502 2222 1523 2265 ,]
1556 2225 1718 2255 victoriam
1741 2222 1974 2265 reportasse.¹⁰)
2019 2223 2079 2260 Qui

336 2325 357 2359 ¹)
375 2327 414 2353 Cf.
437 2327 507 2353 Dial.
529 2328 574 2352 17:
595 2336 626 2353 ac
646 2327 751 2353 sextam
774 2328 829 2354 iam
844 2327 933 2354 felicis
954 2327 1034 2353 huius
1054 2327 1230 2362 principatus
1249 2328 1407 2362 stationem,
1428 2338 1483 2363 quo
1499 2329 1685 2363 Vespasianus
1708 2338 1765 2356 rem
1786 2330 1928 2363 publicam
1943 2330 2026 2356 fovet.
2046 2344 2077 2348 —

176 2368 197 2399 2)
218 2370 257 2396 Cf.
287 2372 445 2403 fragmenta
473 2371 651 2397 historiarum
671 2372 699 2397 in
723 2372 914 2398 recentissima
935 2372 956 2397 H
969 2372 1082 2397 alinii
1111 2372 1235 2398 editione
1255 2373 1354 2400 Taciti.
1383 2374 1455 2407 Lips.
1476 2374 1552 2400 1883.
1575 2388 1605 2392 -
1625 2372 1645 2402 3)
1665 2374 1739 2400 Oros.
1764 2374 1786 2399 7.
1816 2375 1839 2405 9,
1859 2373 1882 2400 4.
1904 2388 1935 2393 —-
1954 2373 1980 2405 4)
2000 2375 2078 2409 sulp.

174 2415 273 2440 Chron.
293 2416 316 2440 2.
336 2416 377 2442 30,
397 2415 422 2442 2.
442 2428 475 2434 -
494 2414 613 2448 ‘'›Loros
633 2417 655 2444 7,
676 2416 700 2443 9.
720 2417 744 2443 4.
767 2431 798 2435 -—
818 2415 839 2447 ὓ)
859 2416 934 2442 Oros
955 2416 978 2446 7,
998 2417 1021 2445 9,
1050 2417 1075 2442 5.
1097 2431 1128 2434 Ἀ
1148 2415 1172 2448 7)
1192 2417 1269 2450 Sulp.
1288 2418 1313 2444 2.
1342 2417 1385 2449 30,
1413 2420 1443 2448 63
1475 2418 1509 2443 cf.
1529 2415 1656 2451 quoque*
1670 2419 1740 2451 Heg.
1760 2418 1783 2451 5,
1813 2419 1857 2451 42,
1886 2417 1919 2445 13
1957 2418 2079 2445 »radices

175 2458 336 2484 rebellionis
349 2459 483 2487 eruendas
496 2459 637 2485 funditus»
655 2468 716 2485 cum
738 2459 793 2486 Jos.
815 2460 880 2486 bell.
899 2460 962 2485 Jud.
983 2461 1006 2486 6.
1026 2462 1052 2492 4,
1071 2459 1094 2485 3.
1119 2474 1147 2478 *-
1167 2459 1190 2494 3)
1210 2460 1284 2487 Oros.
1307 2463 1329 2486 7.
1349 2463 1372 2487 9.
1393 2462 1416 2488 6.
1439 2476 1469 2479 ——-
1490 2461 1512 2489 9)
1533 2462 1606 2488 Oros.
1628 2464 1650 2488 7.
1672 2463 1695 2488 9.
1716 2464 1748 2493 7;
1768 2462 1804 2489 cf.
1823 2463 1887 2489 Tac.
1908 2463 1970 2488 hist.
1990 2462 2015 2494 5,
2037 2463 2076 2488 13.

174 2515 207 2520 —
229 2501 259 2529 ¹⁰)
280 2503 355 2529 Oros„
375 2504 399 2535 7,
419 2504 442 2529 9.
461 2503 486 2529 8.
