2234 2902
1021 253 1060 283 31

86 363 242 394 continuo
266 362 413 393 omnibus
438 360 527 391 bellis
553 370 588 390 ac
614 358 803 390 tumultibus
829 358 914 390 domi
938 358 1076 399 forisque
1101 359 1287 399 compressis
1313 369 1421 399 pacem
1461 359 1558 389 totius
1590 359 1674 389 orbis
1703 359 1998 399 pronuntiaverunt,

87 417 120 446 et
136 414 255 447 Janum
279 413 441 455 geminum
467 413 620 444 obseratis
645 412 784 443 cohiberi
809 412 953 443 claustris
978 410 1080 455 [sexto
1106 411 1230 442 demum
1256 412 1317 452 ipsi
1341 414 1414 452 post
1438 411 1546 442 urbem
1572 412 1740 453 conditam]
1766 409 1994 450 censuerunt.¹)

86 467 218 509 (Igitur)
243 477 318 498 sene
342 467 488 506 Augusto
511 464 612 496 Janus
636 464 825 505 patefactus,
861 465 934 495 dum
959 465 1041 505 apud
1067 467 1225 495 extremos
1255 467 1412 495 terrarum
1444 463 1598 495 terminos
1629 476 1729 495 novae
1761 468 1872 506 gentes
1902 476 1994 506 saepe

88 531 126 552 ex
150 530 209 552 usu
232 523 263 552 et
286 518 456 560 aliquando
481 529 551 549 cum
576 518 692 549 damno
716 522 921 558 quaeruntur,
946 528 1045 559 usque
1069 519 1107 548 ad
1133 516 1320 558 Vespasiani
1344 518 1470 549 duravit
1493 517 1723 559 imperium.«2)

246 581 405 613 Nimirum
430 581 460 611 in
491 579 619 621 reliquis
645 590 769 620 quoque
794 581 906 621 capitis
930 582 1007 611 noni
1031 581 1239 621 paragraphis
1266 581 1296 619 (ξ
1322 580 1363 611 10
1378 598 1418 601 “-
1436 580 1503 620 15),
1538 581 1570 611 in
1603 580 1716 621 quibus
1741 580 1851 611 ultima
1875 580 1996 621 Vespa-

96 636 176 666 siani
200 638 342 676 tempora
367 639 399 664 et
423 633 488 664 Titi
513 644 644 674 regnum
671 637 808 671 exstant,
845 633 991 665 Tacitum
1016 633 1119 664 Orosii
1154 636 1315 664 auctorem
1352 634 1449 664 fuisse
1473 644 1536 664 non
1561 632 1653 663 modo
1678 643 1716 663 ex
1740 632 1793 663 illo
1817 633 1996 673 fragmento

92 698 189 729 supra
212 686 385 729 proposito,
411 687 465 718 sed
490 688 584 718 etiam
610 697 647 718 ex
671 698 708 718 eo
732 688 883 728 suspicor,
908 687 991 728 quod
1016 687 1110 718 verba
1135 687 1151 726 ἓ
1179 685 1267 725 133):
1311 687 1418 717 »cuius
1442 689 1533 717 tanta
1556 686 1769 727 tranquillitas
1801 687 1832 716 in
1865 687 1997 726 imperio

91 740 161 778 fuit,
185 744 220 771 ut
243 741 360 771 nullius
385 740 516 771 omnino
542 740 729 781 sanguinem
754 741 786 771 in
811 752 843 771 re
866 740 992 781 publica
1015 740 1268 771 administranda
1292 739 1410 770 fudisse
1426 739 1598 770 referatur«
1624 750 1694 770 cum
1723 740 1766 769 eis
1783 738 1996 775 consentiunt,

90 793 202 834 quibus
226 794 387 824 Ausonius
411 794 443 824 in
461 792 647 824 Caesaribus
674 793 782 824 Titum
807 795 1028 835 imperatorem
1053 793 1206 824 celebrat:
1234 803 1364 834 »expers
1389 792 1490 824 civilis
1515 792 1709 833 sanguinis«
1759 790 1913 822 Omnibus
1937 790 1998 821 illis

90 845 213 877 indiciis
237 848 414 877 commotus
438 856 502 877 non
527 847 646 884 dubito,
683 847 758 887 quin
783 847 813 884 7,
852 847 892 879 10
915 847 932 887 ξ
958 847 996 883 2;
1032 847 1070 882 3;
1094 847 1114 877 4
1140 845 1342 877 Domitianus
1368 856 1493 886 quoque
1517 857 1532 876 e
1556 845 1668 876 Tacito
1693 846 1709 885 ξ
1735 845 1755 874 4
1785 844 1910 875 laudato
1944 844 1997 874 de-

90 899 228 940 scriptus
253 901 304 932 sit⁴
352 899 459 940 Atque
483 900 515 930 in
541 899 649 930 eadem
676 902 768 940 parte
793 899 1007 935 historiarum,
1038 910 1117 941 quae
1143 898 1246 930 Dacos
1271 898 1336 930 sive
1361 898 1458 930 Getas
1482 899 1644 936 tractavit,
1679 897 1785 938 aliquo
1821 898 1889 928 loco
1926 897 2001 928 haec

93 953 252 984 exstitisse
284 953 440 990 videntur,
478 964 562 994 quae
586 952 716 984 Orosius
742 953 771 991 7,
795 953 848 991 34,
873 953 892 984 5
917 954 971 995 (cf.
998 957 1025 989 1,
1051 954 1100 990 16,
1126 954 1158 993 2)
1184 955 1298 985 refert:
1338 953 1555 985 »Theodosius
1572 975 1708 986 ......
1743 952 1896 982 maximas
1930 950 2001 981 illas

90 1005 254 1047 Scythicas
279 1009 392 1048 gentes
419 1006 667 1048 formidatasque
691 1007 812 1038 cunctis
836 1008 1018 1044 maioribus,
1043 1007 1226 1038 Alexandro
1251 1018 1376 1048 quoque
1400 1006 1446 1037 illi
1471 1006 1600 1047 Magno,
1625 1007 1705 1037 sicut
1730 1005 1899 1046 Pompeius
1923 1003 2001 1034 Cor-

97 1059 261 1100 neliusque
285 1061 394 1091 testati
420 1063 504 1097 sunt,
542 1061 676 1091 evitatas
695 1085 831 1093 ......
866 1060 925 1091 hoe
956 1063 1003 1091 est
1039 1060 1169 1097 Alanos,
1206 1060 1317 1091 Hunos
1354 1063 1386 1091 et
1408 1060 1542 1097 Gothos,
1578 1061 1800 1091 incunctanter
1833 1057 2001 1099 adgressus

94 1113 218 1155 magnis
244 1112 415 1154 multisque
442 1113 570 1155 proeliis
595 1114 700 1146 vicit«
750 1115 793 1154 (1,
821 1114 871 1151 16,
897 1115 930 1145 2:
958 1113 1075 1145 »Getae
1099 1114 1155 1151 illi,
1181 1115 1234 1155 qui
1259 1117 1290 1145 et
1315 1124 1397 1144 nunc
1414 1113 1522 1148 Gothi,
1547 1125 1625 1155 quos
1643 1113 1821 1144 Alexander
1837 1112 2001 1143 evitandos

97 1166 364 1209 pronuntiavit«)
373 1165 398 1207 4)

251 1234 363 1264 Auso
378 1233 469 1270 nio,
495 1232 641 1274 scriptori
667 1233 768 1269 Gallo,
793 1244 863 1265 cum
888 1233 1097 1271 Tetrasticha,
1122 1235 1236 1275 quibus
1261 1235 1469 1275 imperatores
1486 1233 1650 1264 Romanos
1674 1233 1856 1270 celebravit,
1867 1231 1893 1271 5)
1918 1242 2003 1263 com-

93 1289 235 1327 poneret,
260 1289 386 1328 praeter
411 1285 609 1323 Suetonium,
637 1296 730 1327 quem
754 1288 786 1318 in
812 1285 947 1318 Neronis
971 1298 1001 1320 v.
1026 1289 1045 1317 4
1069 1287 1187 1324 laudat,
1224 1289 1318 1318 etiam
1346 1286 1450 1318 Taciti
1473 1287 1603 1318 annales
1637 1290 1670 1317 et
1706 1285 1858 1317 historiae
1868 1284 1893 1326 6)
1929 1289 2003 1317 ante

89 1339 197 1371 oculos
222 1340 337 1371 versati
361 1351 430 1371 esse
455 1339 610 1371 videntur.
658 1339 803 1381 Namque
827 1351 845 1371 a
868 1342 958 1382 parte
975 1341 1125 1372 librorum
1152 1341 1366 1375 Taciteorum,
1402 1352 1481 1382 quae
1516 1351 1614 1381 usque
1646 1340 1684 1370 ad
1709 1342 1850 1371 nostram
1883 1350 2002 1371 memo-

92 1391 170 1424 riam
196 1396 416 1434 pervenerunt,
442 1392 519 1424 haec
543 1394 668 1434 quidem
693 1404 755 1425 non
781 1393 874 1434 plane
898 1394 1088 1425 abhorrent:

973 1461 1129 1492 Tiberius.

253 1513 452 1544 praenomen
478 1513 585 1545 Tiberi
612 1517 725 1545 nactus
750 1512 844 1552 Nero,
869 1515 971 1555 prima
994 1514 1141 1545 iuventae
1164 1513 1321 1555 Tempora
1346 1513 1472 1544 laudato
1497 1514 1596 1555 gessit
1621 1514 1653 1544 in
1677 1514 1820 1554 imperio.

252 1565 386 1597 Frustra
410 1566 525 1598 dehine
549 1567 616 1598 solo
645 1566 838 1608 Caprearum
864 1567 987 1598 clausus
1012 1569 1043 1598 in
1070 1570 1161 1598 antro
1187 1567 1272 1603 Quae
1296 1567 1402 1608 prodit
1426 1568 1523 1603 vitiis,
1548 1566 1646 1597 credit
1671 1569 1779 1607 operta
1804 1566 1904 1597 bonis.

257 1618 374 1650 Confer
390 1619 464 1652 Tac.
482 1630 558 1652 ann.
585 1621 614 1657 6,
636 1621 675 1652 51
703 1622 862 1662 egregium
881 1622 946 1652 vita
962 1621 1119 1662 famaque,
1137 1621 1240 1662 quoad
1258 1622 1400 1662 privatus
1424 1621 1471 1651 vel
1488 1621 1521 1651 in
1538 1620 1678 1661 imperiis
1695 1619 1754 1650 snb
1772 1620 1919 1660 Augusto
1937 1619 2006 1652 fuit.

966 1687 1125 1719 Claudius.

258 1739 407 1771 Claudius
431 1741 540 1772 irrisae
567 1741 693 1782 privato
718 1742 749 1772 in
775 1744 917 1782 tempore
942 1743 1034 1775 vitae.
1059 1741 1095 1772 In
1121 1751 1219 1782 regno
1243 1739 1401 1782 specimen
1426 1740 1564 1781 prodidit
1587 1740 1717 1781 ingenii.

256 1793 423 1825 Libertina
448 1797 568 1830 tamen,
593 1798 763 1836 nuptarum
789 1797 820 1826 et
843 1796 974 1826 crimina
998 1805 1120 1836 passus,
1145 1793 1217 1825 Non
1244 1793 1388 1825 faciendo
1413 1804 1540 1831 nocens,
1565 1794 1618 1824 sed
1642 1793 1792 1834 patiendo
1817 1794 1888 1824 fuit.

253 1847 326 1879 Tae.
353 1858 428 1878 ann.
457 1848 506 1884 ll,
532 1848 571 1878 31
610 1847 695 1879 Satis
719 1851 855 1887 constat,
891 1860 927 1880 eo
951 1859 1067 1890 pavore
1091 1848 1226 1879 offusum
1252 1846 1427 1882 Claudium,
1460 1851 1495 1878 ut
1518 1846 1690 1878 identidem
1714 1847 1934 1887 interrogaret,
1966 1857 2004 1876 an

94 1901 162 1941 ipse
186 1901 309 1942 imperii
333 1904 448 1941 potens
473 1912 513 1932 an
540 1900 637 1932 Silius
664 1903 805 1942 privatus
841 1905 940 1936 esset:
979 1902 1019 1934 ef.
1043 1913 1117 1934 ann.
1143 1901 1193 1937 11.
1229 1900 1271 1932 35
1319 1899 1434 1931 Mirum
1470 1901 1554 1931 inter
1588 1900 1664 1931 haec
1690 1899 1849 1930 silentium
1876 1899 2006 1935 Claudii,

93 1952 244 1985 Vitellius
268 1953 382 1995 ignaro
407 1955 552 1995 propior:
578 1955 684 1985 omnia
707 1954 823 1986 liberto
847 1955 1068 1987 oboediebant.

999 2022 1110 2054 Galba.

257 2073 352 2115 Spem
377 2074 530 2105 frustrate
556 2085 662 2112 senex,
687 2076 828 2116 privatus
852 2078 975 2116 sceptra
999 2076 1110 2106 mereri
1134 2074 1230 2106 Visus
1255 2085 1298 2111 es,
1322 2073 1454 2115 imperio
1479 2073 1623 2115 proditus
1646 2073 1790 2104 inferior:

256 2127 355 2159 Fama
388 2127 447 2159 tibi
483 2127 595 2160 melior
635 2129 751 2166 iuveni,
799 2129 851 2161 sed
886 2129 998 2160 iustior
1033 2129 1108 2159 ordo
1143 2131 1200 2165 est,
1245 2126 1479 2168 complacuisse
1514 2126 1643 2164 dehinc,
1687 2125 1884 2167 displicuisse
1913 2126 2009 2166 prius.

99 2181 174 2215 hist.
202 2184 232 2219 1,
258 2181 298 2212 49
329 2182 432 2213 maior
456 2183 581 2223 privato
608 2182 702 2216 visus,
736 2182 809 2213 dum
827 2183 969 2223 privatus
987 2181 1057 2216 fuit.
1083 2185 1113 2212 et
1131 2180 1273 2212 omnium
1291 2191 1446 2211 consensu
1463 2191 1562 2222 capax
1579 2179 1712 2221 imperii,
1738 2180 1798 2210 nisi
1816 2179 2013 2219 imperasset.

258 2289 278 2322 ι)
298 2290 374 2318 Oros.
396 2291 419 2322 7,
440 2292 463 2323 9,
484 2291 505 2317 9,
528 2305 559 2310 -
589 2288 612 2324 ²)
633 2291 699 2317 Oros
720 2291 744 2321 7,
764 2290 787 2321 3,
809 2290 832 2315 7.
852 2303 884 2308 -
905 2288 926 2322 3)
945 2290 1073 2316 Ceterum
1095 2288 1181 2314 etiam
1201 2288 1237 2314 ab
1258 2287 1394 2321 Eutropio
1418 2287 1441 2315 7,
1470 2287 1503 2313 21
1525 2286 1614 2313 Orosii
1635 2286 1718 2311 verbu
1738 2294 1792 2311 nou
1812 2285 1895 2318 plane
1915 2284 2015 2310 abhor-

100 2338 171 2369 rent,
201 2335 276 2370 apud
297 2343 380 2369 quem
408 2335 548 2369 legimus:
584 2334 702 2367 ›(Titus)
722 2334 826 2360 Romae
846 2335 943 2360 tantae
962 2333 1110 2359 civilitatis
1130 2333 1158 2359 in
1177 2332 1294 2366 imperio
1315 2332 1378 2358 fuit.
1404 2334 1436 2357 nt
1468 2331 1576 2357 nullum
1599 2331 1710 2357 omuino
1731 2329 1852 2363 puniret.
1871 2328 2014 2355 convictos

112 2381 257 2407 adversum
278 2388 335 2406 sese
356 2379 558 2406 coniurationis
591 2380 631 2406 ita
651 2379 797 2405 dimisa-it.
828 2380 859 2404 nt
878 2378 906 2404 in
936 2378 1031 2404 eadem
1052 2377 1247 2403 familiaritate
1276 2385 1331 2410 qua
1361 2378 1445 2402 antea
1472 2376 1628 2401 habuerstm
1649 2388 1684 2392 —
1703 2373 1725 2405 4)
1745 2374 1785 2400 Cf.
1806 2373 1858 2400 Dio
1878 2374 1919 2398 67.
1940 2374 1964 2399 6.
1985 2386 2011 2390 -—

102 2422 123 2456 ⁵)
140 2425 286 2456 Ausonius,
305 2424 348 2450 ed.
363 2424 533 2456 Schenkl,
554 2434 579 2458 p.
596 2425 646 2450 114
660 2433 700 2457 sq.
715 2437 746 2442 —
761 2422 785 2456 ὃ)
805 2423 867 2449 Jam
887 2422 1052 2449 Schenklius
1073 2423 1089 2448 l.
1112 2423 1126 2447 1.
1148 2431 1174 2455 p.
1196 2421 1247 2448 115
1267 2421 1385 2447 Ausonii
1406 2420 1524 2446 Galbam
1545 2420 1598 2452 (21,
1617 2417 1664 2445 29·
1685 2421 1758 2444 recte
1779 2426 1840 2443 cnm
1860 2418 1924 2443 Tac.
1952 2418 2016 2443 hist.

106 2470 127 2501 l‚
146 2469 181 2496 49
201 2470 392 2502 comparavit;
423 2477 518 2495 verum
538 2468 567 2494 in
587 2476 627 2501 eo,
657 2468 733 2501 quod
753 2468 796 2493 vir
826 2467 874 2493 ille
903 2467 1001 2493 doctus
1022 2467 1144 2493 Ausonio
1173 2467 1258 2492 etiam
1279 2465 1372 2491 Taciti
1394 2464 1543 2498 Agricolae
1563 2463 1695 2489 notitiam
1716 2462 1850 2489 vindicat.
1879 2470 1940 2488 eum
1962 2470 2016 2487 non

104 2521 211 2546 sequor,
231 2514 363 2546 qnoniam
383 2514 448 2540 Aus.
469 2513 510 2545 34,
531 2513 579 2539 32:
621 2513 709 2539 »libra
729 2511 894 2538 Caledonios
913 2511 972 2537 sine
993 2511 1074 2537 litore
1095 2510 1222 2536 continet
1242 2514 1350 2536 aestus«
1374 2518 1428 2535 non
1458 2509 1525 2535 satis
1554 2508 1672 2534 multum
1702 2506 1840 2533 consentit
1871 2515 1933 2532 cum
1954 2506 2017 2531 'l'arz

109 2560 174 2591 Agr.
194 2558 245 2584 10:
267 2557 525 2591 »septemtrionalia
545 2557 602 2584 eius
623 2557 708 2583 nullis
728 2558 826 2583 contra
846 2555 925 2582 terris
946 2558 1023 2581 vasto
1043 2556 1128 2587 atque
1148 2558 1245 2588 aperto
1266 2555 1335 2580 inuri
1356 2554 1526 2587 pulsantum
