2197 2958
1071 282 1108 312 11

136 389 223 419 anis
247 387 327 428 (scil.
352 390 387 418 ut
410 386 526 417 binos
550 386 748 418 denarios
773 387 956 427 mererent).
1009 386 1245 419 Germaniciani
1270 389 1395 429 quidem
1422 390 1516 420 etiam
1543 391 1717 432 principem
1743 391 1965 422 detrectabant
1981 401 2043 422 non

136 453 154 472 a
177 451 210 472 se
232 441 350 475 datum.
382 450 567 481 summaque
591 440 621 470 vi
646 440 878 478 Germanicum,
912 441 966 481 qui
997 443 1066 471 tum
1094 441 1130 471 iis
1155 444 1308 481 praeerat,
1340 441 1378 472 ad
1404 443 1627 483 capessendam
1658 453 1739 473 rem
1765 443 1967 484 publicam
1992 455 2045 475 ur·

134 495 262 535 gebant,
286 504 477 535 quamquam
508 493 672 524 obfirmate
695 494 914 524 resistentem«
942 494 1035 534 plane
1071 493 1222 525 abhorret
1246 505 1263 525 a
1286 492 1356 525 Tac.
1386 497 1412 532 1,
1440 495 1496 526 17:
1536 499 1590 526 »ut
1625 497 1811 537 singulos
1848 497 2043 529 denarios

135 550 309 579 mererent«
334 564 364 571 εἶ
393 545 455 577 Dio
481 546 531 583 57,
555 547 592 577 4:
617 545 786 586 ,,δραχμὴν
809 545 978 586 ήμερεσιάν
1001 549 1132 588 φέρειν“
1158 550 1254 587 atque
1277 558 1296 578 a
1319 547 1393 579 Tac.
1415 550 1442 585 1,
1468 549 1528 581 35:
1569 552 1620 580 »et
1644 550 1669 580 si
1694 550 1789 580 vellet
1812 551 2041 591 imperium«

191 600 252 632 Dio
275 600 326 633 57,
351 600 384 631 6:
409 597 464 630 τὸν
486 598 684 640 Γερμανικὸν
707 596 999 639 αὐτοκράτορα
1024 598 1213 633 exciamem·
1272 600 1427 642 Exempla
1454 613 1549 644 supra
1573 604 1734 643 exscripta
1759 603 1893 634 Dionem
1918 607 2044 645 praeter

133 654 247 686 librum
263 653 287 685 Ι.
304 653 460 694 imprimis
477 653 574 684 libros
591 652 629 684 V.
647 656 678 684 et
694 652 761 689 VI.,
779 653 832 683 sed
850 654 956 684 minus
971 653 1141 694 diligenter
1153 653 1249 685 libros
1267 654 1319 691 IL,
1336 654 1406 692 III..
1421 655 1476 686 IV.
1493 656 1648 696 expilasse
1665 667 1723 687 uos
1741 656 1864 694 docent,
1883 658 2042 698 quoniam,

133 711 169 739 ut
191 707 252 738 alia
275 707 431 742 omittam,
458 705 518 737 Dio
543 707 594 744 57,
620 707 660 737 22
685 705 734 737 bis
758 717 828 737 cum
853 706 964 738 Tacito
988 710 1124 747 pugnat:

456 768 517 799 Dio
541 768 594 805 57,
617 769 658 799 22
1079 768 1081 815 l
1485 769 1559 800 Tac.
1584 780 1656 801 ann.
1684 771 1713 807 4,
1739 771 1757 800 3

176 823 192 854 ο
223 821 288 862 γὰρ
316 822 501 860 Σηιανὸς
529 823 581 852 ἐπί
606 832 639 851 τε
670 822 707 861 τῇ
731 820 821 858 ἰσχύι
846 833 898 851 και
926 822 972 851 ἐπὶ
1079 817 1081 865 ᾗ
1236 833 1309 852 nam
1341 822 1489 853 Drusus
1522 824 1694 864 impatiens
1730 824 1846 854 aemuli
1877 828 1908 855 et
1937 825 2041 856 animo

130 877 174 917 τῷ
197 873 352 915 ἀξιώματι
375 873 605 916 υπερμαζήσας
628 871 668 905 τά
690 886 724 905 τε
748 873 833 905 ἄλλα
858 877 974 914 ¹vri-5³90·
1191 875 1390 913 commotior,
1417 880 1486 906 orto
1511 874 1593 907 forte
1611 877 1714 917 iurgio
1732 878 1912 908 intenderat
1929 876 2042 909 Seiano

130 941 206 968 yxog
229 924 266 966 ἦν
289 930 344 960 καὶ
368 930 454 963 τέλος
477 929 531 959 καὶ
555 929 601 958 ἐπὶ
625 927 681 958 τὸν
705 928 853 967 Δροῦσον
877 927 971 967 έτρά-
1079 869 1081 976 i
1192 938 1303 959 manus
1328 932 1359 959 et
1384 932 1493 960 contra
1518 929 1680 960 tendentis
1705 941 1739 960 os
1764 931 1992 962 verberaverat.

1079 978 1080 998 1

1079 1005 1080 1023 1

129 994 202 1014 πετο
226 984 287 1013 καί
308 993 381 1013 ποτε
405 980 466 1019 πὺξ
490 981 579 1021 αὐτῷ
603 983 762 1012 ἐνέτεινεν.

453 1035 513 1066 Dio
538 1035 588 1068 57,
613 1035 654 1066 22
1470 1035 1545 1068 Tac.
1570 1047 1645 1069 ann.
1670 1037 1699 1073 4,
1728 1037 1766 1068 12

174 1086 247 1124 τούς
279 1100 313 1119 τε
344 1086 641 1128 χειρουργήσαντας
665 1086 720 1118 τὸν
742 1085 884 1126 ὄλεθρον
908 1087 970 1117 mi-
1078 1038 1081 1142 i
1236 1099 1309 1118 nam
1350 1087 1498 1126 Seianus,
1547 1089 1600 1120 ubi
1648 1090 1734 1121 videt
1773 1094 1907 1121 mortem
1949 1090 2043 1122 Drusi

129 1142 186 1174 τοῦ
209 1141 290 1184 (scil.
306 1142 366 1172 τοῦ
383 1139 559 1181 Δρούσου),
584 1140 660 1176 τοὺς
683 1142 739 1178 μὲν
754 1139 871 1175 εύθίς,
896 1142 975 1176 τοὺς
1079 1143 1080 1183 l
1191 1140 1369 1172 inultam
1395 1142 1654 1173 interfectoribus
1681 1154 1706 1175 e.
1732 1155 1762 1184 q.
1787 1154 1811 1176 S.

128 1196 161 1226 δέ
185 1192 266 1233 μετὰ
290 1195 405 1231 ταῦτα,
431 1197 471 1225 ἐκ
481 1193 521 1225 όλ
531 1206 552 1225 α
561 1206 580 1225 σ
591 1206 605 1224 ε
615 1206 641 1226 ν.
1079 1187 1080 1245 l

286 1257 405 1298 Magna
428 1259 512 1288 inter
535 1256 672 1288 Diouem
697 1260 728 1287 et
752 1267 825 1289 ann.
850 1256 906 1287 VI.
931 1258 1144 1289 similitudine
1168 1256 1270 1288 obiter
1294 1260 1550 1295 commemorata,
1588 1260 1698 1295 restat,
1735 1262 1769 1289 ut
1805 1270 1874 1289 eum
1909 1270 1947 1290 ex
1971 1260 2044 1291 libri

130 1311 170 1344 V.
194 1313 285 1353 parte
308 1311 471 1352 deperdita
495 1321 558 1341 non
583 1319 699 1351 paucas
730 1321 779 1341 res
803 1311 975 1352 sumpsisse
1012 1311 1226 1352 comprobem.
1285 1309 1387 1341 Multo
1423 1311 1521 1350 igitur
1555 1312 1714 1352 copiosius
1739 1311 1881 1343 Cassium
1908 1312 2042 1343 Dionem

132 1364 184 1403 58,
210 1365 317 1396 5—16
333 1363 371 1394 de
389 1363 496 1395 Seiani
519 1373 648 1394 excessu
672 1363 834 1400 disserere,
860 1373 954 1404 quam
980 1363 1167 1395 Suetonium
1193 1364 1264 1396 Tib.
1282 1364 1333 1400 65,
1359 1374 1422 1394 non
1448 1368 1495 1394 est
1519 1364 1762 1406 neglegendum,
1788 1365 2043 1406 quandoquidem

132 1418 278 1450 Tacitum
303 1428 427 1458 quoque
452 1426 517 1448 rem
542 1416 761 1458 gravissimam
787 1428 881 1458 quam
906 1418 1144 1449 accuratissime
1168 1420 1321 1448 tractasse
1347 1418 1411 1447 veri
1437 1417 1634 1448 simillimum
1660 1422 1717 1451 est.
1766 1418 1826 1450 Sed
1850 1429 1921 1450 cum
1947 1420 2043 1450 etiam

132 1484 177 1508 ea,
202 1482 282 1512 quae
305 1471 337 1501 in
362 1472 486 1501 servata
509 1470 673 1501 annalium
697 1473 787 1510 parte
811 1470 855 1509 (5,
880 1471 913 1511 9)
938 1471 976 1501 de
1001 1471 1186 1502 miserrimis
1210 1470 1318 1502 Seiani
1350 1469 1457 1501 liberis
1483 1471 1629 1512 legimus,
1661 1472 1764 1503 denuo
1796 1472 1880 1513 apud
1906 1472 2042 1503 Dionem

131 1526 184 1563 58,
210 1525 247 1556 11
267 1526 459 1565 reperiamus
476 1526 571 1564 atque
588 1523 757 1564 epistulam
775 1523 903 1561 Tiberii,
925 1524 963 1555 de
981 1535 1043 1565 qua
1060 1524 1122 1555 Dio
1140 1534 1165 1557 c.
1186 1525 1226 1556 10
1242 1524 1377 1560 disserit,
1403 1524 1485 1565 apud
1504 1524 1650 1556 Tacitum
1670 1526 1699 1559 6,
1724 1526 1742 1556 2
1759 1529 2041 1556 commemoratam

131 1578 339 1614 inveniamus,
360 1577 443 1608 hunc
461 1587 532 1608 cum
554 1578 689 1608 maxime
710 1578 741 1608 in
765 1577 823 1608 hac
843 1579 932 1618 parte
950 1576 1055 1618 operis
1070 1581 1195 1618 praeter
1207 1576 1285 1608 alios
1301 1578 1470 1618 scriptores
1486 1577 1571 1608 illius
1585 1581 1747 1609 auctorem
1762 1578 1859 1610 iuisse
1873 1579 2042 1610 admodum

131 1631 295 1672 probabile
318 1631 365 1663 fit.
412 1629 500 1667 Quod
524 1641 598 1661 vero
622 1630 683 1661 Dio
707 1641 732 1662 e.
761 1632 809 1668 13,
835 1630 996 1661 Tiberium
1021 1630 1059 1661 de
1083 1630 1189 1661 Seiani
1214 1632 1315 1661 morte
1351 1630 1502 1661 laetatum
1528 1642 1595 1662 esse
1619 1635 1728 1662 narrat
1754 1632 1831 1673 (ἐπεὶ
1856 1632 1891 1662 δὲ
1915 1633 2043 1670 ἔμαθεν

131 1682 234 1715 αὐτὸν
257 1681 456 1721 ἀπολωλότα,
479 1684 590 1724 ἔχαιρε
611 1685 679 1722 μέν,
704 1680 804 1723 ὥσπερ
828 1681 911 1718 εἰκὸς
936 1679 996 1722 ἦν),
1020 1694 1090 1714 cum
1115 1684 1169 1720 eis,
1204 1683 1317 1724 quibus
1341 1682 1470 1714 Tacitus
1499 1684 1591 1715 huius
1617 1684 1816 1725 imperatoris
1841 1688 1987 1717 naturam
2012 1689 2043 1717 et

131 1737 269 1768 indolem
293 1737 451 1774 describit,
477 1738 596 1778 optime
620 1738 779 1770 convenit.

291 1789 454 1831 Caligulae
477 1800 618 1830 regnum,
651 1791 768 1832 quippe
797 1790 880 1831 quod
905 1791 936 1820 in
962 1789 1129 1821 annalibus
1155 1790 1289 1821 Romani
1315 1791 1478 1831 scriptoris
1508 1791 1713 1829 interciderit,
1744 1795 1779 1823 ut
1803 1791 1978 1833 mittam,¹)
2003 1793 2041 1823 ad

130 1854 234 1875 rerum
260 1843 316 1874 sub
340 1842 470 1874 Claudio
495 1844 683 1884 imperatore
707 1845 867 1884 gestarum
890 1843 1038 1874 ultimam
1065 1846 1187 1884 partem
1213 1843 1315 1874 adhuc
1339 1846 1496 1875 servatam
1520 1846 1658 1882 transeo,
1669 1843 1695 1885 ²)
1727 1856 1764 1876 ex
1793 1856 1855 1886 qua
1879 1845 1940 1877 Dio
1965 1846 2041 1878 haec

131 1897 300 1938 excerpsit:

291 2001 314 2035 ¹)
334 2004 365 2029 In
385 2003 569 2030 adnotatione
593 2006 686 2029 tamen
716 2003 784 2029 haec
812 2003 1005 2037 proposuerim
1034 2003 1152 2030 lectori:
1183 2004 1235 2030 Dio
1254 2004 1297 2036 59,
1317 2003 1342 2035 5,
1363 2005 1377 2031 1
1399 2013 1438 2027 Ξ
1461 2004 1607 2031 Ausonius.
1628 2005 1766 2031 Caesares.
1787 2005 1836 2038 qui
1857 2005 1891 2031 de
1911 2005 2041 2037 Caligula

131 2047 217 2075 dicit:
238 2047 392 2074 »Successit
411 2055 493 2074 saevo
512 2047 620 2073 saevior
638 2046 776 2081 ingenio«
816 2047 868 2074 Dio
888 2047 928 2079 59,
949 2050 974 2080 8,
992 2049 1009 2074 5
1029 2057 1068 2071 =
1089 2049 1153 2074 Tac.
1174 2057 1239 2074 ann.
1260 2048 1301 2076 13.
1322 2049 1335 2074 1
1356 2048 1531 2082 (Caligulam
1553 2049 1679 2075 Silanum
1701 2049 1836 2083 pecudem
1857 2058 1971 2075 aureum
1991 2058 2040 2083 ap-

130 2092 265 2126 pellasse;
293 2100 389 2118 verum
410 2091 461 2118 Dio
481 2092 616 2119 Silanum,
635 2091 684 2124 qui
704 2092 779 2126 apud
799 2091 875 2118 Suet.
894 2093 953 2118 Cal.
975 2092 1025 2123 12;
1057 2092 1092 2118 23
1112 2095 1212 2118 exstat.
1242 2101 1304 2118 cum
1324 2093 1383 2119 illo.
1404 2093 1453 2126 qui
1473 2093 1525 2119 sub
1545 2093 1657 2120 Nerone
1677 2096 1792 2120 necatus
1812 2096 1853 2119 est
1874 2093 1949 2125 (Tae.
1968 2093 1987 2118 1.
2006 2093 2040 2126 l.)

129 2136 286 2163 confudisse
305 2136 436 2168 videtur).
477 2137 527 2162 Dio
549 2137 589 2163 59,
609 2136 652 2168 29,
671 2134 688 2161 2
707 2136 808 2162 verba»
829 2133 918 2170 yrivvm·
938 2147 964 2160 ’τε
986 2133 1035 2171 γάρ
1056 2133 1134 2161 aur-0¹1
1160 2139 1249 2170 naimo
1279 2139 1314 2171 ἑο
1327 2147 1339 2169 ο
1352 2147 1369 2161 ω
1381 2147 1419 2173 με
1433 2141 1493 2162 1⁴56
1506 2147 1518 2162 t
1533 2147 1550 2162 α
1562 2147 1577 2161 ·r
1590 2148 1603 2162 ο
1615 2147 1628 2161 ι’
1658 2134 1755 2171 (ι’κῠόὦι
1788 2135 1855 2162 ὄντα
1884 2137 1952 2169 (scil.
1972 2140 2041 2163 Χαι-

130 2179 215 2214 ρέαν)«
237 2189 259 2207 8.
279 2189 306 2214 q.
325 2190 344 2206 s.
364 2181 458 2214 potius
477 2189 491 2207 e
510 2181 608 2207 Tacito
627 2181 677 2209 (cf.
697 2189 760 2206 ann.
781 2180 803 2212 1,
823 2180 871 2213 32)
891 2189 976 2214 quam
996 2189 1010 2207 e
1030 2180 1165 2207 Suetonio
1185 2181 1243 2207 Cal.
1264 2180 1298 2208 56
1317 2181 1428 2208 fluxisse
1448 2182 1574 2215 putanda
1594 2189 1668 2208 sunt.

287 2223 310 2257 2)
329 2226 368 2252 Ex
387 2225 479 2260 prima
497 2228 592 2252 autem
611 2225 692 2251 huius
711 2225 789 2258 regni
808 2227 889 2259 parte
909 2225 1026 2252 Dionem
1050 2225 1118 2251 haec
1139 2225 1276 2259 expilasse
1295 2226 1435 2259 suspicor:

290 2270 341 2297 Dio
361 2271 403 2298 60,
424 2271 435 2295 1
457 2270 575 2297 fortasse
602 2278 616 2296 e
644 2269 743 2296 Tacito
763 2269 860 2300 fluxit;
888 2270 983 2296 confer
1004 2269 1101 2296 Aurel.
1123 2269 1197 2296 Vict.
1218 2270 1293 2296 Caes.
1313 2271 1337 2296 3.
1358 2269 1391 2296 14
1411 2279 1461 2303 sq.,
1481 2278 1576 2296 verum
1591 2271 1676 2297 etiam
1693 2271 1769 2297 Suet.
1789 2271 1886 2296 Claud.
1909 2271 1940 2296 10
1960 2271 2039 2304 (quo-

130 2314 212 2341 modo
233 2314 364 2341 Claudius
383 2315 536 2348 imperator
555 2317 665 2341 creatus
684 2314 746 2344 sit).

290 2358 341 2385 Dio
361 2359 403 2388 60,
422 2360 437 2385 8
457 2359 600 2391 (Senecam
620 2359 648 2384 in
668 2358 784 2385 exilium
803 2358 887 2385 fuisse
906 2359 1032 2390 actum);
1061 2359 1097 2385 cf.
1116 2359 1180 2384 Tac.
1201 2367 1263 2385 ann.
1285 2360 1326 2388 12.
1345 2360 1369 2385 8.

288 2403 341 2430 Dio
360 2404 400 2429 60.
419 2404 436 2429 9
456 2403 500 2436 (de
518 2404 601 2430 rebus
620 2405 719 2430 contra
739 2403 849 2429 Mauros
869 2403 968 2437 gestis:
988 2404 1080 2430 totum
1106 2405 1191 2436 caput
1211 2411 1226 2429 e
1245 2404 1344 2430 Tacito
1364 2404 1474 2430 fluxisse
1494 2404 1615 2433 videtur,
1643 2404 1775 2437 quoniam
1797 2404 1945 2431 Suetonius
1967 2404 2037 2430 nihil

129 2446 163 2473 de
183 2455 216 2473 ea
234 2455 263 2474 re
282 2447 392 2479 refert);
411 2447 445 2474 ef.
465 2449 531 2474 Aur.
550 2448 625 2474 Vict.
645 2448 720 2475 Caes.
740 2445 764 2479 4,
784 2448 814 2477 2;
836 2447 909 2481 Epit.
931 2449 955 2479 4,
974 2448 1001 2474 5.

292 2491 343 2518 Dio
363 2492 404 2522 60,
425 2492 458 2518 16
477 2492 522 2525 (de
541 2492 638 2519 Arriae
657 2497 686 2518 et
704 2491 784 2518 Paeti
803 2494 900 2523 morte,
919 2491 953 2518 de
973 2500 1027 2525 quo
1047 2492 1197 2518 Suetonius
1217 2492 1330 2518 omnino
1350 2492 1440 2523 silem:
1461 2493 1494 2518 of.
1514 2493 1578 2518 Tac.
1599 2501 1663 2519 ann.
1687 2494 1725 2519 16.
1746 2493 1787 2518 34.

288 2535 341 2562 Dio
359 2536 401 2567 60,
421 2535 526 2562 19—-22
543 2536 588 2569 (de
608 2536 690 2562 rebus
709 2536 738 2562 in
759 2535 905 2562 Britannia
923 2536 1025 2569 gestis;
1045 2536 1079 2562 cf.
1102 2535 1153 2562 Dio
1173 2536 1215 2562 62,
1236 2537 1250 2562 1
1270 2536 1324 2570 sq.)
1343 2545 1358 2563 e
1377 2537 1476 2563 Tacito
1497 2537 1598 2563 hausta
1617 2544 1674 2562 esse
1694 2536 1840 2567 videntur-3
1870 2537 1903 2563 cf.
1926 2537 1977 2563 Dio
1997 2536 2038 2567 60,

129 2577 169 2611 21,
189 2580 206 2605 3
225 2588 285 2606 eum
308 2580 400 2606 Aurel.
421 2579 495 2606 Vict.
515 2580 588 2607 Caes.
608 2581 634 2612 4,
654 2581 678 2607 2.

1827 2636 1877 2655 o*
