2197 2958
480 385 650 417 Suetonius
1088 389 1089 430 1
1561 385 1691 417 Tacitus

143 440 278 478 oraculo,
306 440 380 471 dum
409 440 446 470 de
475 440 679 479 navigatione
710 439 856 477 consulit,
889 440 983 470 etiam
1088 463 1089 468 ,
1200 436 1273 469 hist.
1300 439 1328 475 2,
1353 438 1372 468 4
1397 443 1566 479 postquam
1591 438 1690 479 pandi
1713 439 1795 469 viam
1821 441 1852 469 et
1877 448 1962 469 mare
1978 449 2052 479 pro-

143 494 180 525 de
203 494 326 535 imperii
350 503 404 534 spe
428 493 633 524 confirmatus
658 496 716 526 est,
1087 497 1089 545 f*
1200 500 1327 532 sperum
1352 491 1484 531 accepit,
1510 491 1548 522 de
1571 502 1604 522 se
1629 502 1684 532 per
1699 492 1847 533 ambages
1865 492 2051 533 interrogat,

1200 545 1298 575 caesis
1322 543 1536 585 compluribus
1571 544 1694 577 hostiis.
1742 544 1905 576 Sostratus
1931 547 2050 584 (sacer-

1199 598 1266 628 doti
1291 598 1321 628 id
1346 608 1460 628 nomen
1486 596 1568 639 erat)
1600 598 1652 628 ubi
1678 598 1761 628 laeta
1785 601 1817 629 et
1841 598 2049 639 congruentia

1199 654 1272 682 exta
1297 651 1486 691 magnisque
1510 650 1663 681 consultis
1688 651 1828 682 adnuere
1845 651 1934 682 deam
1953 651 2048 689 videt,

1198 714 1297 745 pauca
1320 704 1353 734 in
1377 714 1525 744 praesens
1550 707 1581 734 et
1605 704 1699 734 solita
1720 704 1924 745 respondens,
1949 705 2049 746 petito

1199 759 1319 789 secreto
1344 758 1450 788 sutura
1473 758 1584 798 aperit.

299 811 456 844 Nimirum
491 813 575 844 dicta
608 812 662 843 illa
696 822 761 843 non
791 823 807 843 e
839 811 925 842 fonte
961 805 1100 853 quodam
1129 812 1240 845 Tacito
1272 814 1304 842 et
1328 811 1481 842 Suetonio
1505 812 1676 848 communi,
1717 810 1770 841 sed
1804 822 1819 841 e
1844 810 1955 841 Tacito
1979 811 2048 851 ipso

139 866 265 897 fluxisse
288 877 345 907 pro
369 870 455 897 certo
478 865 711 897 affirmaverim.
758 864 953 906 Quicumque
978 867 1063 897 enim
1092 866 1237 908 exempla
1265 865 1422 897 collocata
1452 863 1631 905 perlegerit,
1668 875 1739 894 eum
1771 874 1834 895 non
1867 863 1979 904 fugiet,
2011 874 2048 894 ex

138 919 299 950 annalium
324 921 355 950 et
378 919 580 950 historiarum
604 919 714 959 primis
738 919 940 959 potissimum
964 919 1054 950 libris
1079 930 1114 951 ea
1143 919 1257 950 hausta
1281 929 1357 955 esse,
1391 918 1547 958 siquidem
1572 928 1609 948 ex
1634 916 1797 947 annalium
1823 917 1935 947 ultima
1959 919 2049 957 parte

139 982 235 1004 unam
270 972 460 1003 sententiam
496 971 548 1002 ille
576 972 742 1012 exscripsit
766 970 857 1010 (Ner.
884 973 924 1003 12
950 986 990 999 =
1015 984 1089 1004 ann.
1116 973 1166 1011 14,
1191 973 1257 1010 47).
1317 970 1458 1008 Accedit,
1496 971 1580 1012 quod
1616 981 1766 1012 persaepe
1802 971 1863 1001 duo
1899 970 2045 1010 deinceps

139 1026 246 1066 capita
268 1024 396 1056 Tacitea
421 1024 506 1065 (Tib.
530 1025 587 1061 21;
613 1026 653 1056 22
680 1039 719 1050 =
744 1035 817 1056 ann.
844 1026 871 1063 1,
897 1029 930 1060 5;
968 1026 996 1062 1,
1022 1027 1060 1062 ὅς
1096 1025 1171 1058 Oth.
1197 1027 1216 1056 4
1242 1040 1282 1052 =
1308 1025 1382 1057 hist.
1411 1026 1437 1059 1,
1462 1025 1521 1061 22;
1557 1025 1617 1061 24;
1644 1023 1718 1056 Oth.
1746 1024 1803 1060 11;
1842 1024 1880 1054 12
1907 1037 1947 1049 =
1972 1022 2046 1054 hist.

140 1083 168 1117 2,
192 1079 234 1110 49
258 1078 320 1115 bis;
344 1077 410 1110 Vit.
438 1077 474 1108 11
502 1091 542 1103 =
566 1077 641 1110 hist.
666 1079 695 1115 2,
720 1078 780 1115 89;
804 1079 861 1115 91;
895 1076 990 1119 Vesp.
1018 1079 1054 1115 5;
1097 1080 1116 1110 6
1142 1094 1182 1105 =
1208 1079 1282 1111 hist.
1309 1080 1336 1116 2,
1363 1078 1422 1114 78;
1448 1078 1506 1119 793
1544 1077 1606 1108 Tit.
1634 1079 1652 1108 5
1677 1092 1717 1103 =
1743 1077 1818 1109 hist.
1844 1078 1872 1113 2,
1901 1077 1933 1112 1;
1958 1076 1989 1112 2,
2014 1076 2045 1116 2)

139 1134 177 1165 ad
201 1131 389 1163 imitandum
414 1129 475 1161 sibi
499 1132 674 1171 usurpavit.
721 1129 765 1161 Ut
788 1134 893 1162 autem
918 1141 956 1162 ea
979 1133 1136 1171 omittam,
1162 1142 1242 1173 quae
1265 1141 1340 1163 ann.
1368 1131 1397 1167 1,
1424 1132 1442 1162 5
1468 1145 1507 1157 --
1533 1131 1604 1163 Tib.
1630 1131 1668 1161 21
1699 1130 1781 1171 apud
1806 1129 1971 1161 Justinum
1996 1129 2047 1164 11,

142 1185 190 1223 15,
215 1185 245 1221 ἴ),
271 1188 301 1216 et
325 1194 398 1215 ann.
427 1186 452 1218 1,
477 1184 495 1214 6
520 1198 561 1210 =
586 1183 657 1217 Tib.
680 1184 722 1215 22
746 1184 830 1224 apud
860 1183 1046 1216 Suetonium
1071 1186 1175 1226 ipsum
1200 1183 1309 1217 Claud.
1335 1186 1376 1216 29
1410 1183 1514 1215 denuo
1547 1186 1730 1225 occurrunt,
1764 1184 1801 1214 ad
1835 1183 2047 1214 coniecturam

138 1238 223 1270 illam
247 1237 493 1269 confirmandam
518 1237 613 1268 etiam
637 1237 812 1268 locutiones
837 1238 988 1278 quasdam
1014 1240 1177 1279 utriusque
1202 1237 1362 1278 scriptoris
1387 1238 1506 1269 similes
1530 1237 1644 1268 afferre
1672 1247 1736 1268 non
1761 1236 1874 1267 inutile
1899 1236 1972 1266 erit:

493 1290 624 1321 Tacitus
1084 1292 1087 1340 j
1537 1289 1707 1322 Suetonius

180 1345 253 1377 hist.
281 1346 308 1381 1,
345 1344 358 1374 1
392 1343 567 1374 uberiorem
599 1344 849 1385 securioremque
879 1349 977 1375 mate·
1242 1345 1423 1386 Vesp.(5ad
1438 1343 1624 1375 securiorem
1637 1343 1877 1383 mollioremque
1889 1343 2046 1373 militiam.

135 1400 223 1431 riam.
280 1397 320 1430 cf.
356 1396 431 1430 dial.
468 1397 486 1427 3
522 1397 685 1428 emitteres
720 1396 874 1428 Catonem
911 1408 975 1428 non

134 1452 259 1495 quidem
285 1449 455 1487 meliorem,
481 1450 534 1481 sed
559 1453 664 1481 tamen
690 1451 888 1482 securiorem.

180 1506 253 1538 hist.
281 1506 309 1543 1,
336 1505 374 1535 17
399 1505 509 1535 secreti
533 1504 713 1545 impatiens,
1240 1504 1314 1537 Ner.
1339 1505 1380 1535 20
1406 1505 1576 1545 impatiens
1601 1504 1722 1534 secreti.

179 1559 253 1590 hist.
279 1559 307 1596 1,
331 1557 374 1589 50
398 1558 430 1588 in
456 1555 566 1588 melius
591 1560 725 1590 mutare.
1083 1578 1084 1604 ἶ
1241 1558 1335 1599 Vesp.
1362 1558 1400 1589 17
1426 1558 1566 1588 restituit
1589 1558 1621 1588 iu
1648 1557 1772 1588 melius.

180 1613 253 1644 hist.
278 1612 307 1649 3,
333 1611 373 1642 82
398 1610 436 1641 ad
460 1621 563 1641 serum
588 1621 686 1651 usque
711 1611 806 1643 diem.
1082 1607 1084 1619 ⁴
1239 1610 1314 1643 Oth.
1342 1613 1378 1642 11
1410 1611 1442 1641 in
1475 1622 1577 1641 serum
1602 1621 1703 1651 usque
1735 1612 1864 1651 patente
1889 1607 2045 1640 eubiculo.

179 1675 250 1697 ann.
278 1665 305 1701 1.
332 1665 350 1695 5
373 1664 549 1705 spirantem
573 1663 683 1695 adhuc.
1239 1664 1304 1696 Cal.
1334 1666 1370 1695 12
1397 1665 1531 1706 spiranti
1555 1665 1665 1699 adhuc,
1690 1664 1729 1694 ct.
1755 1662 1826 1695 Tib.
1853 1664 1904 1694 21.

1084 1353 1086 1372 r

1084 1383 1085 1414 1

178 1718 292 1755 anal,
310 1718 347 1750 12
361 1716 701 1758 perculsusimprovisa
712 1718 971 1758 interrogatione.
1081 1735 1083 1758 >
1238 1718 1309 1750 Tib.
1339 1720 1371 1748 11
1400 1718 1561 1759 perculsus
1586 1728 1660 1760 ergo
1686 1718 1853 1759 inopinata
1878 1727 1920 1748 re.

176 1783 249 1802 anu.
275 1770 325 1807 13,
349 1770 391 1802 38
415 1772 566 1810 vergente
589 1770 652 1800 iam
676 1769 738 1800 die.
1081 1787 1082 1815 ζ
1238 1771 1311 1803 Oth,
1337 1774 1355 1803 7
1382 1775 1531 1812 vergente
1555 1773 1617 1803 iam
1642 1771 1702 1804 die,

178 1824 283 1856 Germ.
330 1823 370 1854 22
421 1822 504 1853 diem
556 1826 743 1864 noctemque
787 1824 973 1855 continuare
1080 1859 1081 1862 Ἰ
1238 1825 1309 1858 Tib.
1333 1825 1376 1857 42
1401 1829 1525 1856 noctem
1550 1826 1801 1866 continuumque
1819 1824 1946 1855 biduum
1966 1833 2042 1864 epu-

132 1877 283 1920 potando.
1080 1871 1081 1908 i
1192 1879 1286 1910 lando
1311 1879 1514 1920 potandoque
1538 1878 1746 1920 consumpsit.

292 1929 374 1961 Saue
398 1928 524 1970 quidem
556 1930 650 1960 etiam
675 1928 839 1961 Cassius
863 1929 934 1961 Dio
978 1917 1149 1965 admodum
1180 1933 1297 1964 multas
1330 1943 1378 1964 res
1409 1943 1445 1963 ex
1477 1932 1643 1963 annalibus
1676 1934 1706 1962 et
1736 1931 1877 1963 historiis
1902 1930 2043 1962 hausisse

131 1982 296 2023 videturl),
321 1993 399 2024 quas
423 1993 532 2013 omnes
557 1980 707 2013 Caesares
730 1983 875 2024 deinceps
899 1987 1040 2016 tractans
1067 1986 1244 2027 legentium
1271 1987 1386 2017 animis
1412 1996 1602 2026 proponam:

292 2036 327 2068 In
351 2036 443 2067 rebus
468 2036 524 2066 sub
549 2035 675 2066 Tiberio
700 2037 799 2076 gestis
823 2038 987 2069 narrandis
1011 2040 1177 2080 praecipue
1202 2039 1279 2070 haec
1303 2051 1340 2070 ex
1365 2039 1532 2070 annalibus
1557 2039 1716 2080 sumpsit:

292 2089 352 2121 Dio
375 2089 428 2130 57,
452 2090 470 2119 2
495 2104 529 2113 =
553 2088 627 2121 Tac.
652 2100 725 2121 ann.
754 2090 781 2127 1,
807 2091 846 2122 12
872 2090 922 2129 (de
947 2092 1059 2123 Asinio
1084 2091 1205 2130 Gallo).

292 2143 351 2174 Dio
375 2143 426 2177 57,
450 2143 469 2173 3
494 2159 528 2166 Ξ
551 2152 625 2175 ann.
653 2144 680 2180 1,
705 2144 724 2174 6
749 2143 800 2183 (de
824 2143 986 2185 Agrippae
1011 2145 1179 2177 Posthumi
1204 2145 1323 2186 caede).

290 2196 351 2227 Dio
375 2197 427 2234 57,
451 2196 472 2227 4
494 2212 529 2220 τ
550 2206 624 2228 ann.
651 2196 678 2233 1,
704 2197 743 2227 16
767 2213 811 2218 -
833 2197 873 2229 31
900 2196 952 2237 ((19
976 2198 1137 2238 legionum
1164 2198 1422 2230 Pannonicarum
1451 2199 1631 2238 seditione).

290 2249 350 2281 Dio
373 2250 425 2285 57,
450 2249 469 2280 5
493 2266 528 2275 =
551 2259 621 2280 anu.
649 2250 677 2287 1,
702 2250 740 2281 31
768 2267 810 2272 —-
833 2249 876 2281 50
899 2250 949 2291 (de
972 2250 1132 2292 legionum
1157 2251 1417 2284 Germanicarum
1442 2253 1623 2292 seditione).

290 2302 351 2334 Dio
375 2303 426 2340 57,
451 2303 470 2334 6
505 2325 509 2326 ⁷
551 2314 625 2334 ann.
653 2307 680 2340 1,
705 2302 746 2334 52
772 2303 942 2344 (quomodo
967 2303 1112 2335 Tiberius
1139 2304 1363 2336 Germanicum
1389 2306 1597 2344 iudicaverit).

290 2354 349 2386 Dio
372 2356 425 2393 57,
452 2355 491 2387 15
516 2373 540 2380 τ
572 2367 645 2387 ann.
668 2356 699 2393 2,
724 2356 764 2387 27
789 2367 836 2397 sq.
862 2356 912 2396 (de
936 2355 1101 2389 Scribonio
1129 2358 1274 2397 Libone).

290 2459 313 2493 1)
334 2461 362 2487 L.
382 2461 551 2496 Spengel,
571 2463 624 2489 Das
644 2464 715 2489 erste
730 2463 806 2488 Buch
827 2462 874 2488 der
895 2463 1020 2490 Annalen
1041 2464 1088 2490 des
1109 2465 1232 2492 Tacitus.
1253 2466 1479 2498 Abhandlungen
1501 2466 1549 2491 der
1570 2466 1682 2491 Mi'mch.
1703 2465 1796 2491 Aead..
1824 2465 2038 2499 philos.-philol.

130 2505 222 2532 Classe
241 2506 264 2537 7,
284 2505 343 2531 695.
383 2506 517 2539 Knabe,
538 2507 576 2533 De
596 2507 720 2534 fontibus
741 2507 873 2533 historiae
892 2507 1091 2541 imperatorum
1102 2510 1249 2541 Juliorum,
1270 2510 1350 2536 Halle
1363 2511 1440 2542 1864,
1460 2520 1485 2543 p.
1506 2510 1542 2536 38
1560 2519 1599 2543 sq.
1639 2510 1733 2543 Egli.
1748 2509 1887 2544 Feldziige
1901 2510 1929 2535 in
1944 2512 2039 2537 Arme·

130 2549 194 2575 nien
214 2549 242 2575 in
262 2549 316 2576 den
334 2549 553 2577 Jahren41—63
572 2552 642 2577 nach
663 2552 734 2582 Chr..
754 2551 798 2578 ein
820 2551 932 2586 Beitrag
951 2561 998 2578 zur
1012 2553 1106 2580 Kritik
1127 2555 1173 2580 des
1186 2554 1307 2580 Tacitus.
1328 2555 1355 2580 in
1369 2555 1523 2587 Biidingers
1537 2554 1790 2587 Untersuchungen
1814 2563 1861 2580 zur
1881 2554 2038 2581 romischen

134 2593 391 2627 Kaisergeschichte
414 2594 436 2624 1,
455 2594 514 2621 335.
554 2595 713 2622 Reichau
734 2596 750 2621 l.
773 2596 789 2621 l.

1824 2647 1841 2665 ·)
