2234 2902
1056 220 1096 250 39

475 325 604 357 Tacitus
1075 330 1076 361 l
1498 323 1708 356 Widukindus

163 380 237 413 hist.
273 379 310 417 3,
351 379 388 410 17
427 379 546 410 nullum
588 380 618 410 in
659 379 712 409 illa
755 379 965 420 trepidatione
1074 367 1076 416 i
1223 380 1252 414 3,
1270 378 1312 409 46
1330 378 1497 409 fortissimi
1519 378 1629 408 militis
1646 389 1680 409 ac
1697 379 1809 419 optimi
1826 378 2023 420 imperatoris

120 433 280 464 Antonius
304 432 480 463 constantis
497 432 584 463 ducis
602 436 655 463 aut
674 432 837 463 fortissimi
854 431 964 462 militis
1179 431 1318 462 officium
1345 441 1470 472 gerens.

119 485 257 518 officium
282 484 398 517 omisit.

163 538 237 570 hist.
267 539 297 576 4,
330 538 370 570 59
403 538 518 569 famem
543 538 721 579 ferrumque
760 541 790 569 et
826 542 964 569 extrema
1073 520 1075 584 ξ
1224 542 1250 571 1.
1275 537 1315 569 35
1341 538 1423 578 cepit
1446 537 1557 567 urbem
1660 536 1741 567 fame
1765 536 1846 567 ferro
1872 537 1998 578 frigore.

118 602 274 634 passuros.
1073 622 1074 627 ,

162 644 268 678 Germ.
293 645 311 676 8
336 645 505 676 memoriae
528 644 680 686 proditur,
705 643 854 685 quasdam
880 644 962 674 acies
1223 645 1250 679 1,
1279 644 1316 674 12
1342 643 1486 674 divinum
1512 643 1539 673 ei
1563 642 1703 673 animum
1720 642 1822 673 inesse
1838 643 2020 673 coelestem-

116 698 286 729 inclinatas
304 722 311 730 .
330 723 337 730 .
357 722 364 730 .
383 721 388 728 .
415 709 433 728 a
456 697 582 728 feminis
602 698 765 728 restitutas
781 696 961 727 constantia
1176 708 1236 737 que
1261 697 1410 727 virtutem
1435 695 1654 733 acclamantes,
1679 696 1732 736 qui
1761 705 1817 726 sua
1840 696 2019 726 constantia

115 762 241 794 precum
261 775 370 784 .....
395 752 497 782 inesse
521 751 597 790 quin
624 752 719 781 etiam
743 752 887 781 sanetum
905 749 960 779 ali·
1175 753 1299 780 tantam
1326 760 1377 780 eos
1395 749 1497 789 egerit
1513 748 1688 780 victoriam.
1728 748 1806 779 Aeta
1823 751 1897 779 suut
1913 751 2017 779 autem

117 804 194 846 quid
217 808 249 836 et
272 804 438 846 providum
462 807 588 845 putant.
1070 818 1072 825 ι
1176 802 1251 833 haec
1276 803 1390 838 omnia,
1417 804 1453 832 ut
1477 802 1630 832 maiorum
1655 802 1804 832 memoria
1828 801 1941 842 prodit.

160 857 266 890 Germ.
284 857 324 889 27
342 857 418 888 haec
436 882 443 889 .
462 882 469 889 ‚
488 883 494 889 .
517 857 553 887 de
571 857 711 888 omnium
729 856 959 887 Germanorum
1219 855 1323 887 Praei.
1351 857 1365 886 1
1392 855 1444 885 sed
1469 857 1501 886 et
1525 855 1563 885 de
1588 855 1709 896 origine
1741 857 1889 895 statuque
1913 855 2017 894 gentis

115 912 275 952 origine..
286 935 293 943 .
311 911 502 951 accepimus:
517 919 602 941 nunc
610 909 805 950 singularum
816 909 958 950 gentium
1175 935 1180 940 .
1197 935 1203 941 ,
1219 934 1226 942 .
1243 919 1341 950 pauca
1355 907 1489 939 seribere
1502 908 1626 944 curavi;
1653 910 1680 945 1,
1695 908 1712 938 2
1728 907 1767 938 Et
1779 909 1879 948 primo
1892 908 2017 947 quidem

114 964 264 995 instituta
286 964 428 1004 ritusque
453 963 625 1003 expediam.
1068 954 1071 1013 i
1173 962 1210 993 de
1235 962 1356 1002 origine
1379 964 1528 1003 statuque
1550 962 1656 1003 gentis
1680 972 1778 1002 pauca
1802 962 1974 1002 expediam.

271 1015 391 1047 Verum
423 1020 497 1057 post
522 1015 753 1046 Widukiudum
785 1013 973 1045 Germaniae
1007 1015 1154 1047 Taeiteae
1186 1016 1301 1046 notitia
1333 1025 1371 1046 ex
1403 1015 1505 1056 patria
1539 1018 1649 1046 nostra
1677 1024 1860 1045 evanescere
1884 1015 2016 1050 videtur,

115 1072 283 1112 propterea
307 1069 389 1110 quod
415 1070 601 1109 scriptor
633 1068 685 1099 ille
707 1067 830 1099 Vitae
855 1067 1051 1099 Heinrici
1075 1068 1178 1110 1V.,1)
1211 1079 1304 1110 quem
1338 1069 1459 1099 maiora
1490 1079 1585 1109 opera
1615 1068 1744 1109 cognita
1775 1067 1920 1098 habuisse
1951 1078 2014 1098 non

113 1123 175 1154 iam
199 1125 247 1153 est
270 1122 408 1160 dubium,
421 1120 448 1163 2)
473 1122 593 1153 laudati
618 1120 716 1153 libelli
740 1121 857 1152 nullam
887 1119 994 1162 prodit
1026 1123 1223 1154 memoriam.
1271 1122 1370 1153 Locos
1404 1121 1502 1162 igitur
1534 1130 1553 1151 a
1585 1120 1718 1152 Manitio
1750 1121 1870 1154 allatos,
1902 1121 2014 1161 quibus

113 1185 230 1217 paucos
254 1175 403 1206 adiecisse
428 1186 478 1205 me
502 1186 566 1206 non
591 1175 722 1216 pigebit,
747 1175 832 1205 brevi
857 1177 1027 1215 conspectu
1051 1186 1245 1216 proponam:

474 1227 602 1259 Tacitus
1067 1240 1068 1248 ¹
1420 1226 1496 1258 Vita
1522 1226 1663 1258 Heinrici
1689 1226 1742 1257 IV.

156 1291 230 1314 ann.
257 1282 284 1318 1,
309 1281 349 1312 32
376 1280 574 1321 pedibusque
598 1280 750 1312 Caecinae
779 1279 956 1311 advolvere·
1216 1282 1265 1313 10.
1291 1281 1331 1311 ad
1357 1281 1477 1321 patrios
1502 1280 1595 1321 pedes
1620 1280 1743 1311 advolvi
1768 1280 1935 1312 debuisset.

112 1335 181 1371 tur3
205 1334 245 1365 cf.
272 1335 300 1371 1,
328 1334 366 1365 13
394 1333 514 1365 Tiberii
538 1344 642 1375 genua
665 1333 890 1366 advolveretur.
1066 1322 1068 1340 ³

154 1397 229 1419 ann.
256 1389 282 1424 1,
307 1387 349 1418 47
382 1387 551 1418 immotum
581 1390 691 1418 eontra
719 1398 771 1418 eos
795 1397 956 1418 sermones
1066 1375 1068 1391 ἱ
1215 1390 1243 1418 9.
1270 1386 1464 1427 dimissoque
1496 1387 1633 1417 exercitu
1665 1397 1719 1417 rex
1742 1385 1950 1427 Ratispouam
1980 1397 2012 1416 se

113 1439 272 1481 fixumque
296 1439 424 1471 Tiberio
448 1439 526 1478 fuit3
558 1440 599 1472 cf.
622 1439 717 1481 Verg.
743 1441 822 1471 Aen.
847 1441 877 1478 4,
904 1441 953 1472 15.
1170 1440 1317 1476 contulit,
1341 1442 1376 1470 ut
1400 1449 1480 1476 eam,
1506 1439 1578 1470 dum
1597 1439 1698 1470 adhuc
1714 1439 1844 1480 ancipiti
1861 1439 2013 1480 penderet

1065 1483 1067 1527 i
1169 1495 1285 1531 animo,
1317 1493 1465 1524 stabilem
1497 1492 1556 1523 sibi
1588 1493 1713 1533 fixaque
1736 1490 1797 1522 fide
1820 1492 2011 1523 immobilem

1064 1567 1066 1586 4
1169 1547 1307 1583 faeeret;
1331 1546 1371 1578 of.
1397 1547 1502 1578 Amm.
1527 1546 1578 1583 19,
1605 1546 1654 1583 12,
1680 1548 1708 1578 2.

155 1609 229 1631 ann.
256 1600 283 1635 1,
308 1599 348 1630 81
376 1599 427 1630 vix
452 1598 619 1640 quiequam
642 1599 766 1631 firmare
789 1601 900 1632 ausim.
1064 1592 1066 1631 i
1213 1600 1242 1632 6.
1269 1611 1338 1631 eum
1363 1600 1483 1630 incerta
1500 1624 1508 1631 .
1527 1623 1534 1632 .
1550 1623 1583 1636 .,
1609 1609 1665 1630 nec
1689 1598 1788 1630 ausim
1814 1598 1980 1630 affirmare.

154 1662 228 1682 ann.
253 1652 283 1690 4,
309 1652 327 1683 8
353 1651 488 1683 effusum
512 1653 545 1683 in
569 1652 714 1684 lacrimas
739 1657 893 1684 senatum.
1214 1654 1264 1685 13.
1290 1651 1431 1683 fundunt
1456 1654 1489 1684 iu
1513 1662 1626 1693 corpus
1651 1653 1812 1688 lacrimas3
1836 1651 1876 1683 cf.
1893 1650 2010 1683 Justin.

1170 1708 1197 1742 1,
1223 1707 1252 1743 8,
1279 1706 1315 1743 9;
1341 1706 1447 1738 Amm.
1472 1705 1521 1740 25.
1545 1706 1575 1743 ὃ,
1601 1707 1629 1736 6.

154 1768 229 1790 ann.
253 1758 284 1796 4,
311 1758 350 1789 50
375 1758 446 1789 telis
470 1768 534 1789 non
556 1759 588 1789 in
606 1758 720 1790 falsum
736 1759 838 1792 iactis.
885 1771 951 1801 cap.
1063 1769 1065 1783 ν
1213 1760 1241 1790 6.
1284 1759 1361 1790 Inde
1401 1757 1491 1790 miles
1532 1759 1623 1789 scalis
1661 1758 1828 1790 ascendere
1866 1758 2009 1799 parabat.

111 1810 152 1842 51
171 1812 292 1842 interea
308 1811 435 1842 barbari
454 1836 462 1844 .
480 1838 487 1843 .
505 1836 537 1845 ..
562 1822 646 1850 saxa,
671 1815 834 1853 praeustas
851 1814 952 1851 sudes,
1170 1812 1318 1850 Eeoutra,
1351 1813 1404 1853 qui
1429 1813 1462 1843 in
1486 1812 1562 1843 urbe
1585 1815 1686 1849 erant,
1711 1811 1784 1848 tela,
1809 1821 1895 1849 saxa,
1920 1821 2009 1852 prae-

112 1862 220 1895 decisa
243 1864 356 1896 robora
388 1865 512 1896 iacere.
531 1890 538 1897 .
557 1890 563 1897 .
582 1889 589 1895 .
621 1866 721 1897 scalas
751 1871 825 1897 ante
856 1866 952 1898 fabri-
1168 1868 1255 1897 ustas
1291 1866 1382 1897 sudes
1423 1865 1593 1906 ignemque
1630 1865 1808 1901 iactabant;
1852 1864 2008 1896 interdum

109 1917 171 1947 eati
187 1941 196 1950 .
213 1942 219 1949 .
237 1940 244 1947 .
262 1942 270 1950 .
303 1920 334 1948 et
367 1917 532 1949 adversum
562 1918 746 1949 resistentes
776 1921 951 1951 comminus
1166 1920 1284 1960 egressi
1308 1919 1483 1950 comminus
1507 1918 1760 1950 committebant.

107 1969 178 2002 niti.

151 2033 224 2055 ann.
257 2024 286 2061 6,
319 2024 361 2055 46
394 2024 532 2062 vocibus,
564 2034 621 2065 per
652 2035 729 2065 quas
752 2025 951 2067 intellegere·
1213 2026 1262 2058 13.
1298 2025 1513 2066 providusque
1547 2025 1746 2057 futuri....
1790 2024 1912 2055 animos
1954 2033 2007 2063 spe

106 2077 159 2107 tur
182 2077 330 2117 providus
354 2077 543 2109 futurorum.
1165 2079 1260 2110 dubia
1283 2078 1457 2120 suspendit.

270 2163 290 2197 ¹)
309 2165 424 2192 Confer:
444 2168 475 2192 A.
496 2175 520 2192 v.
540 2166 698 2193 Druffel.
727 2167 823 2193 Kaiser
843 2169 975 2196 Heinrich
994 2170 1041 2196 IV.
1071 2168 1128 2195 und
1157 2169 1232 2194 aeine
1251 2168 1349 2195 Sohne.
1380 2168 1489 2194 Ratisb.
1511 2167 1578 2193 1862
1598 2176 1624 2200 p.
1644 2167 1677 2192 93
1696 2176 1736 2199 sq.
1756 2165 2008 2192 Giesebrecht.

113 2208 254 2235 Deutsche
273 2210 429 2237 Kaiserzeit
448 2212 474 2243 3,
504 2212 571 2237 1051
591 2219 631 2244 sq.
650 2211 760 2243 Jaffe',
788 2212 1080 2241 Geschichtschreiber
1106 2213 1154 2239 der
1174 2212 1325 2239 deutschen
1349 2212 1469 2244 Vorzeit,
1499 2212 1539 2238 12.
1564 2211 1762 2238 Jahrhundert.
1806 2209 2008 2236 Gundlach.

107 2252 160 2278 Ein
180 2253 308 2280 Dictator
335 2262 384 2280 aus
413 2255 462 2281 der
480 2255 596 2282 Kanzlei
614 2255 761 2282 Heinriohs
779 2256 828 2283 IV.
848 2257 954 2284 Innsbr.
975 2258 1050 2284 1884.
1070 2258 1184 2284 Neues
1204 2257 1351 2283 Archiv.
1376 2259 1444 2283 tom.
1466 2257 1505 2282 ll.
1525 2256 1549 2282 2.
1587 2256 1626 2281 Ex
1645 2256 1691 2283 eis,
1717 2263 1788 2288 quae
1814 2254 1847 2280 de
1873 2250 2007 2287 scr‘iptore

107 2295 157 2323 illo
176 2297 275 2332 ignoto
289 2298 439 2333 disputata
452 2302 526 2333 sunt,
544 2300 663 2326 maxime
683 2301 891 2334 comprobanda
910 2310 967 2329 esse
986 2302 1118 2329 videntur
1137 2311 1177 2328 ea.
1197 2310 1277 2334 quae,
1297 2301 1433 2327 Druffelio
1453 2301 1527 2327 viam
1548 2301 1763 2327 demonstrante.
1784 2298 2008 2325 Giesebrechtins

111 2340 230 2373 disserit,
250 2351 311 2369 cum
332 2351 394 2370 eum
418 2344 582 2378 Erlungum‚
606 2344 730 2371 Heinrici
750 2345 796 2371 IV.
823 2345 999 2380 imperatoris
1024 2345 1223 2373 cancellarium
1249 2346 1333 2372 fuisse
1360 2345 1552 2377 contenderet,
1578 2345 1624 2378 qui
1645 2343 1825 2377 Wirziburgi.
1851 2343 2007 2376 Bambergi.

108 2385 224 2412 tortasse
243 2387 328 2413 etiam
348 2388 521 2422 Ratisponae
541 2389 773 2415 commorabatur.
811 2390 913 2422 Quodsi
932 2390 961 2417 in
981 2399 1010 2418 re
1030 2390 1216 2418 incertissima
1235 2390 1392 2424 quidquam
1413 2389 1539 2416 conicere
1558 2389 1632 2416 licet.
1657 2389 1729 2414 hunc
1755 2388 1918 2421 scriptorem
1944 2396 2005 2413 cum

108 2430 230 2457 claustro
250 2431 384 2458 Fuldensi
404 2433 612 2466 quodammodo
632 2434 777 2460 cohaerere
797 2442 829 2460 ex
848 2434 948 2461 studiis
966 2435 1024 2461 eius
1037 2435 1159 2462 Taciteis
1179 2435 1288 2461 elucere
1307 2434 1429 2466 videtur,
1448 2436 1595 2468 propterea
1615 2432 1689 2466 quod
1709 2432 1883 2458 Einhartum.
1902 2431 2008 2458 Rudol-

107 2474 174 2506 snm.
201 2476 345 2502 Bawarum
371 2476 400 2502 in
429 2477 479 2504 illo
499 2478 633 2505 coenobio
654 2478 752 2505 vixisse
772 2480 799 2505 et
819 2479 959 2513 scripsisse
980 2480 1052 2506 inter
1072 2487 1166 2506 omnes
1193 2480 1265 2506 viros
1292 2479 1389 2505 doctos
1416 2478 1484 2505 satis
1509 2480 1627 2505 constat.
1649 2492 1679 2496 —-
1698 2475 1723 2508 ²)
1744 2475 1931 2510 Ma2nitius.
1950 2475 1967 2501 l.
1988 2476 2006 2501 l.

114 2518 180 2545 1885
199 2529 227 2554 p.
246 2520 287 2546 61.
