2234 2902
1050 248 1087 278 17

117 354 154 386 ad
179 353 343 395 Agricolae
368 356 462 394 caput
490 354 528 385 12
553 355 699 394 spectans
724 353 754 384 in
780 353 976 395 panegyrico
1002 353 1042 384 ad
1067 351 1314 385 Constantinum
1340 364 1408 395 cap.
1435 356 1453 386 9
1480 355 1556 387 haec
1579 356 1721 396 scripsit:
1749 356 1860 387 »Certe
1885 356 2021 398 quidem.

116 408 244 448 propter
266 406 349 447 quod
374 406 440 437 vita
464 404 619 446 diligitur,
660 405 862 446 longissimae
886 405 953 436 dies
977 408 1009 437 et
1032 406 1137 437 nullae
1162 408 1230 438 sine
1253 407 1359 448 aliqua
1387 407 1456 438 lnce
1481 411 1597 445 noctes,
1633 408 1707 439 dum
1733 409 1789 439 illa
1812 409 1942 440 litorum
1968 420 2022 440 ex-

115 463 215 490 trema
240 459 387 500 planities
411 469 474 490 non
498 459 618 490 attollit
643 459 779 495 umbras,
812 460 976 500 noctisque
1003 461 1120 490 metam
1144 460 1222 490 caeli
1246 462 1278 491 et
1301 460 1438 491 siderum
1463 462 1579 492 transit
1602 461 1778 501 adspectus,
1813 465 1849 493 ut
1873 463 1918 494 sol
1943 463 2020 503 ipse.

115 512 168 552 qui
194 511 285 542 nobis
310 511 432 542 videtur
456 512 604 549 occidere,
640 512 683 542 ibi
718 515 869 552 appareat
900 512 1104 552 praeterire«
1159 512 1220 544 Sed
1254 513 1322 544 fieri
1358 524 1482 554 quoque
1516 516 1633 554 potest,
1670 517 1705 545 ut
1731 514 1902 546 Eumenius
1937 515 2021 546 hunc

114 565 216 596 locum
239 573 256 595 e
282 563 371 594 Livio
394 563 444 595 vel
467 575 483 595 e
508 563 605 595 Fabio
630 563 759 595 Rustico
783 565 955 605 sumpserit
981 563 1036 605 (cf.
1062 564 1136 597 Tac.
1161 564 1238 606 Agr.
1266 566 1330 605 10).

272 616 385 654 Quieta
408 617 462 648 illa
486 621 630 658 tempora
655 617 806 648 Hadriani
831 621 862 648 et
886 627 1100 648 successorum
1125 618 1192 649 eius
1216 622 1340 650 secutae
1365 622 1440 650 sunt
1464 619 1574 651 turbae
1598 620 1826 660 imperatorum
1852 632 1870 651 a
1895 624 2020 662 praeto-

113 671 211 701 rianis
235 680 410 701 creatorum
436 671 508 701 inde
532 682 550 701 a
573 670 745 702 Commodo
770 680 868 711 usque
894 670 933 701 ad
963 670 1206 703 Diocletianum.
1256 671 1335 702 Tum
1362 671 1533 703 Christiani
1570 672 1706 713 primum
1743 673 1850 704 literas
1884 675 2020 715 capessi-

113 726 235 761 verunt,
259 734 402 764 quorum.
428 734 497 754 cum
522 726 644 764 praeter
668 723 763 754 libros
781 733 886 754 sacros
911 724 1006 754 etiam
1025 724 1127 755 Taciti
1153 724 1299 764 operibus
1316 727 1362 756 uti
1379 724 1507 761 vellent,
1532 727 1668 756 maxime
1685 727 1836 757 intererat
1854 727 2018 767 inspicere,

113 776 186 817 quid
211 777 372 817 scripserit
395 776 449 807 ille
472 778 503 807 in
529 776 616 807 libris
640 775 842 807 historiarum
875 777 987 817 quinto
1016 780 1047 807 et
1082 779 1172 807 sexto
1206 777 1244 808 de
1279 778 1448 809 miserabili
1476 778 1769 818 Hierosolymorum
1807 779 1936 810 interitu
1972 780 2020 810 vel

113 830 269 870 quomodo
293 830 326 860 in
351 830 462 870 quinto
487 830 607 860 decimo
629 829 791 860 annalium
816 828 896 860 libro
920 828 1095 866 Neronem,
1121 831 1346 870 imperatorem
1371 831 1632 869 crudelissimum,
1667 832 1698 862 iu
1725 831 1923 863 Christianos
1948 844 2018 864 sae-

114 884 250 913 vientem
280 883 397 914 fecerit.
445 883 550 923 Atque
574 881 851 913 Tertullianus
876 883 1017 923 quidem,
1055 882 1175 924 primus
1210 885 1344 924 scriptor
1375 885 1615 922 ecclesiasticus,
1652 886 1705 926 qui
1732 883 1837 916 Taciti
1870 887 2018 916 notitiam

112 935 224 976 prodit,
260 937 361 977 prima
395 937 500 976 capita
534 947 571 967 ex
594 935 796 967 historiarum
832 936 912 966 libro
939 936 1052 976 quinto
1091 937 1210 969 laudat.
1258 937 1295 968 In
1320 938 1512 979 apologetici
1536 938 1621 968 enim
1644 939 1748 979 capite
1776 939 1814 969 16
1840 939 2019 980 eisdemque

112 989 214 1019 verbis
238 989 270 1019 in
295 989 387 1029 primi
412 989 483 1019 libri
509 989 566 1019 »ad
592 990 755 1019 nationes«
782 989 885 1030 capite
912 990 949 1020 11
979 999 1017 1020 ex
1045 989 1147 1020 Taciti
1174 990 1247 1022 hist.
1273 992 1303 1028 5,
1327 991 1346 1022 3
1371 994 1403 1022 et
1428 991 1456 1032 5,
1482 992 1501 1022 9
1526 991 1602 1022 haec
1626 991 1749 1022 hausit:
1789 991 1891 1023 »Nam
1918 997 1959 1028 et,
1983 996 2018 1022 ut

111 1041 247 1082 qnidam,
284 1042 474 1077 somniastis,
510 1045 604 1082 caput
627 1043 763 1073 asinium
799 1052 866 1073 esse
890 1043 983 1072 deum
1019 1046 1173 1074 nostrum.
1222 1043 1313 1075 Hanc
1337 1043 1501 1075 Cornelius
1527 1044 1657 1075 Tacitus
1683 1045 1894 1085 suspicionem
1921 1045 2018 1085 [eius-

111 1094 194 1125 modi
217 1091 281 1136 dei]
293 1092 320 1134 ¹)
352 1095 496 1126 insuerit.
545 1094 575 1125 Is
598 1095 681 1125 enim
705 1095 737 1125 in
762 1093 908 1135 quinta2)
940 1095 1141 1126 historiarum
1176 1107 1302 1128 suarum
1336 1097 1451 1128 bellum
1476 1097 1643 1128 Judaicum
1674 1109 1803 1129 exorsus
1832 1098 1870 1128 ab
1896 1099 2019 1139 origine

109 1148 211 1187 gentis
236 1148 330 1178 etiam
357 1148 393 1177 de
418 1148 486 1188 ipsa
509 1151 574 1178 tam
598 1149 730 1188 origine,
767 1157 861 1188 quam
896 1148 934 1178 de
967 1149 1095 1179 nomine
1120 1152 1151 1180 et
1175 1149 1327 1191 religione
1360 1152 1476 1191 gentis,
1513 1161 1594 1192 quae
1619 1152 1728 1185 voluit,
1765 1154 2017 1192 argumentatus,

108 1199 245 1231 Judaeos
268 1200 375 1237 refert,
402 1201 551 1242 Aegypto
574 1201 747 1242 expeditos,
784 1200 858 1238 sive,
884 1204 919 1231 ut
944 1202 1079 1241 putavit,
1105 1206 1257 1237 extorres,
1298 1205 1396 1234 vastis
1422 1204 1559 1235 Arabiae
1584 1205 1615 1235 in
1642 1205 1719 1235 locis
1746 1214 1898 1245 aquarum
1923 1215 2018 1245 egen-

107 1254 250 1290 tissimis,
278 1264 349 1285 cum
374 1255 427 1285 siti
452 1256 693 1291 macerarentur,
726 1255 864 1294 onagris,
895 1255 948 1295 qui
978 1254 1060 1285 forte
1086 1255 1123 1285 de
1147 1259 1242 1296 pastu
1272 1261 1383 1297 potum
1408 1257 1539 1298 petituri
1563 1258 1826 1295 aestimabantur,
1860 1257 2017 1289 indicibus

109 1307 207 1338 fontis
230 1318 303 1338 usos
328 1308 368 1338 ob
392 1317 460 1338 eam
484 1308 621 1349 gratiam
646 1307 819 1338 consimilis
845 1308 963 1338 bestiae
988 1309 1186 1349 superficiem
1211 1319 1421 1341 consecrasse.
1470 1311 1576 1352 Atque
1605 1312 1648 1341 ita
1682 1311 1754 1342 inde
1778 1321 2017 1352 praesumptum

107 1360 228 1401 opinor,
253 1370 309 1391 nos
334 1371 459 1401 quoque
482 1364 517 1391 ut
540 1360 689 1392 ,Iudaicae
712 1360 875 1401 religionis
900 1362 1096 1402 propinquos
1126 1362 1226 1393 eidem
1251 1363 1419 1394 simulacro
1444 1364 1575 1396 initiari.
1622 1364 1666 1395 At
1691 1365 1775 1395 enim
1800 1365 1882 1395 idem
1900 1364 2017 1395 Corne-

107 1413 166 1444 lius
190 1412 325 1447 Tacitus.
361 1425 437 1444 sane
461 1413 513 1445 ille
536 1414 771 1445 mendaciorum
796 1414 1054 1455 loquacissimus,
1090 1416 1119 1445 iu
1157 1415 1265 1446 eadem
1297 1416 1429 1447 historia
1455 1416 1497 1456 (τ’),
1535 1417 1567 1457 9)
1592 1417 1699 1454 refert,
1736 1416 1792 1449 Cn.
1819 1417 2015 1458 Pompeium,

107 1477 176 1498 cum
203 1466 401 1497 Hierusalem
439 1468 574 1508 cepisset
598 1470 825 1508 proptereaque
849 1468 1007 1508 templum
1033 1467 1161 1505 adisset,
1199 1469 1398 1510 speculandis
1422 1469 1573 1501 Judaicae
1597 1470 1760 1511 religionis
1786 1471 1918 1507 arcanis,
1947 1471 2016 1501 nul-

106 1519 171 1551 lum
195 1520 259 1551 illic
281 1521 458 1561 repperisse
482 1521 692 1551 simulacrum.
741 1520 782 1551 Et
806 1522 927 1562 utique,
953 1522 977 1551 si
1004 1521 1034 1551 id
1060 1521 1229 1557 colebatur,
1255 1522 1340 1562 quod
1364 1522 1471 1563 aliqua
1488 1522 1593 1564 effigie
1610 1524 1916 1564 repraesentabatur,
1942 1536 2016 1555 nus—

106 1584 200 1614 quam
224 1574 337 1614 magis,
361 1584 454 1614 quam
479 1574 512 1604 in
537 1574 671 1604 sacrario
688 1584 743 1604 suo
760 1573 970 1609 exhiberetur,
997 1584 1034 1604 eo
1057 1575 1168 1616 magis,
1194 1574 1267 1615 quia
1292 1585 1350 1606 nec
1366 1576 1533 1606 verebatur
1549 1579 1717 1607 extraneos
1733 1577 1879 1614 arbitros,
1904 1588 2016 1618 quam-

106 1636 199 1667 quam
224 1637 305 1657 vana
329 1626 461 1659 cultura.
509 1625 590 1657 Solis
614 1627 698 1657 enim
723 1627 937 1657 sacerdotibus
965 1627 1050 1658 adire
1076 1627 1212 1664 licitum;
1245 1629 1339 1659 etiam
1365 1632 1552 1670 conspectus
1577 1633 1753 1661 ceterorum
1779 1630 1847 1661 velo
1872 1640 2015 1671 oppanso

105 1679 381 1711 interdicebatur.«
432 1680 537 1720 Atque
553 1680 591 1710 ad
609 1680 682 1711 hist.
708 1680 737 1718 5,
762 1681 780 1710 2
806 1683 839 1711 et
862 1680 892 1717 ἵ),
918 1680 937 1711 4
964 1683 1086 1720 spectat
1110 1681 1247 1712 eiusdem
1273 1681 1437 1723 scriptoris
1461 1682 1663 1714 ecclesiastici
1682 1683 1786 1714 locus:
1811 1683 1849 1714 ad
1868 1684 2014 1714 nationes

106 1734 134 1770 2,
161 1733 218 1764 12:
245 1732 379 1763 »Exstat
402 1733 484 1773 apud
510 1733 630 1763 litteras
655 1735 774 1763 vestras
798 1743 1063 1774 usquequaquam
1089 1733 1222 1765 Saturni
1244 1745 1367 1767 census.
1414 1734 1563 1776 Legimus
1587 1736 1671 1777 apud
1689 1735 1832 1767 Cassium
1852 1735 2012 1774 Severum,

103 1786 188 1827 apud
213 1784 375 1817 Cornelios
400 1785 557 1827 Nepotem
582 1789 614 1816 et
638 1785 793 1824 Tacitum,
818 1787 901 1827 apud
926 1785 1066 1817 Graecos
1095 1798 1219 1828 quoque
1243 1786 1420 1819 Diodorum
1452 1789 1545 1829 quive
1573 1789 1626 1820 alii
1655 1790 1884 1830 antiquitatum
1916 1799 2012 1820 canos

103 1837 328 1880 collegerunt«

262 1891 379 1923 Verum
404 1892 595 1924 tristissimis
619 1891 681 1923 illis
706 1892 903 1933 temporibus
928 1896 999 1934 post
1023 1893 1211 1925 Tertulliani
1244 1898 1377 1925 mortem
1404 1894 1507 1926 Taciti
1532 1895 1603 1926 libri
1628 1897 1673 1926 ita
1697 1895 1832 1936 neglecti
1858 1896 2011 1931 iacebant,

104 1948 139 1976 ut
163 1945 292 1976 Tacitus
316 1946 496 1986 imperator,
520 1956 590 1976 cum
614 1956 647 1976 se
670 1956 768 1976 unum
793 1956 809 1976 e
832 1947 970 1987 posteris
997 1948 1062 1977 eius
1086 1957 1154 1978 esse
1178 1948 1319 1983 iactaret,
1352 1951 1474 1989 partem
1500 1958 1631 1989 operum
1666 1949 1757 1980 huius
1792 1950 1954 1990 scriptoris
1979 1950 2011 1980 iu

105 1998 304 2029 bibliothecis
328 1998 481 2030 collocare
504 1997 669 2037 iuberet.³)
718 1998 769 2030 Sic
792 1999 844 2029 ille
869 2002 989 2040 quarto
1023 2002 1055 2030 et
1083 1999 1195 2041 quinto
1226 2002 1299 2041 post
1323 2000 1484 2032 Christum
1518 2005 1627 2032 natum
1662 2002 1795 2033 saeculis
1825 2013 1889 2032 nou
1919 2002 2012 2033 modo

103 2051 185 2092 apud
208 2051 414 2083 historiarum
438 2051 698 2093 scriptores,‚sed
722 2053 817 2083 etiam
841 2053 924 2093 apud
951 2054 1177 2094 grammaticos
1201 2054 1353 2094 quosdam
1372 2054 1509 2086 florebat
1526 2055 1728 2096 vigebatque.
1775 2056 2011 2086 Ammianus

261 2183 283 2218 ¹)
304 2185 482 2219 Apologetici
510 2185 619 2211 codices
647 2185 784 2219 praebent
814 2185 990 2217 »eiusmodi«,
1021 2187 1057 2212 ab
1083 2187 1204 2213 Oehlero
1233 2187 1344 2214 adiecto
1378 2188 1461 2215 »dein
1490 2188 1565 2221 quod
1586 2189 1670 2215 facile
1690 2197 1755 2214 sane
1776 2188 1943 2215 intercidere
1963 2198 2011 2222 po-

100 2232 182 2260 terat,
201 2229 375 2263 suppletum;
403 2237 455 2263 ego
474 2231 567 2256 tamen
591 2229 757 2256 »eiusmodi«
778 2229 862 2262 plane
883 2229 1033 2256 delendum
1052 2239 1109 2257 esse
1142 2240 1247 2262 censeo.
1277 2233 1409 2265 quoniam
1439 2234 1501 2259 loco
1533 2233 1583 2259 >ad
1614 2233 1757 2259 nationes«
1781 2242 1835 2259 non
1856 2235 1956 2259 exstat.
1977 2247 2008 2251 —-

100 2271 123 2304 2)
143 2273 224 2307 Apol.
246 2273 386 2306 »quinta«,
405 2273 441 2299 ad
461 2275 532 2300 natt.
553 2276 692 2307 »quartas
714 2287 746 2291 —
766 2271 787 2304 ³)
807 2273 907 2300 Confer
928 2274 1038 2308 Vopisc.
1058 2275 1128 2301 Tac.
1151 2276 1190 2302 10.
1211 2276 1235 2301 3:
1260 2277 1434 2303 »Cornelium
1454 2277 1592 2304 Tacitum.
1612 2277 1778 2311 scriptorem
1799 2277 1934 2303 historiae
1955 2279 2010 2304 Au-

101 2319 208 2350 gustae,
227 2317 301 2351 quod
314 2319 458 2351 parentem
477 2327 557 2344 suum
577 2318 694 2344 eundem
715 2318 829 2346 diceret.
848 2318 876 2344 in
897 2319 1024 2345 omnibus
1045 2319 1232 2346 bibliothecis
1251 2320 1384 2347 collocari
1404 2321 1493 2347 iussit.
1531 2322 1572 2348 Ne
1592 2322 1729 2348 lectorum
1745 2322 1854 2347 incuria
1869 2321 2008 2355 deperiret

102 2362 213 2394 librum,
232 2370 281 2396 per
300 2370 386 2388 annos
406 2362 530 2395 singulos
550 2362 640 2389 decies
659 2362 743 2388 scribi
764 2362 919 2396 publicitus
940 2363 968 2389 in
989 2363 1176 2390 evicosarchis
1196 2365 1277 2391 iussit
1295 2366 1324 2391 et
1343 2365 1524 2391 bibliothecis
1543 2365 1634 2399 poni«
1686 2366 1815 2392 Ceterum
1830 2366 1883 2393 hoc
1897 2375 2008 2399 quoque

101 2414 154 2432 non
174 2405 408 2440 praetereundum
427 2414 484 2432 esse
503 2406 611 2440 putavi.
639 2407 839 2440 Hieronymum
861 2407 889 2432 in
909 2407 1117 2434 Commentario
1146 2408 1181 2434 ad
1201 2409 1314 2435 Zachar.
1334 2409 1359 2441 3,
1382 2410 1413 2435 14
1433 2409 1553 2442 triginta
1571 2410 1715 2436 volumina
1742 2410 1876 2436 librorum
1898 2410 2009 2437 Tacite·

99 2459 177 2476 orum
191 2450 243 2476 hac
265 2449 374 2476 ratione
388 2458 619 2477 commemorare:
651 2451 742 2477 »Haec
756 2450 851 2478 omnia
863 2450 1026 2484 plenissime
1040 2452 1187 2486 Josephus,
1206 2453 1412 2486 quiJudaicam
1433 2453 1547 2488 scripsit
1566 2453 1712 2481 historiam
1734 2456 1763 2480 et
1782 2454 1872 2481 multo
1893 2454 2007 2482 maiora

99 2502 183 2527 quam
210 2493 328 2527 legimus
353 2495 382 2520 in
408 2495 566 2529 prophetis,
589 2503 635 2521 eos
654 2495 816 2522 sustinuisse
835 2497 1054 2527 commemorat3
1086 2496 1231 2524 Cornelius
1250 2506 1361 2530 quoque
1381 2498 1503 2529 Tacitus,
1531 2498 1579 2531 qui
1600 2500 1664 2532 post
1686 2500 1843 2532 Augustum
1866 2507 1953 2532 usque
1972 2499 2008 2525 ad

100 2540 216 2565 mortem
237 2538 392 2565 Domitiani
413 2539 485 2565 vitas
505 2539 651 2566 Caesarum
671 2539 792 2573 triginta
811 2539 1000 2566 voluminibus
1020 2540 1171 2567 exaravit«

1795 2596 1814 2626 3
