2234 2902
1110 209 1152 240 28

336 315 382 346 Ex
408 314 511 346 Gallia
535 318 641 346 autem
668 319 697 345 et
723 314 878 355 Hispania
901 316 1068 356 praecipue
1100 314 1272 347 Orosius
1308 319 1339 346 et
1375 315 1582 357 Sulpicius
1618 315 1788 348 Severus
1812 316 2076 348 commemorandi

176 370 262 402 sunt.
287 378 418 408 quorum
445 371 577 408 uterque
602 368 702 408 legem
728 367 819 398 huius
856 368 1092 399 dissertationis
1115 379 1146 409 p.
1173 369 1211 399 17
1243 369 1282 399 de
1305 368 1494 399 Christianis
1528 369 1733 409 scriptoribus
1766 369 1962 410 propositam
1996 369 2076 400 bene

179 421 372 462 comprobat.
410 420 583 461 Sulpicium
610 422 706 461 igitur
730 421 761 451 iu
790 419 954 451 Chronicis
979 421 1142 452 annalium
1165 421 1237 452 libri
1262 421 1365 462 quinti
1389 421 1501 452 decimi
1525 422 1671 452 notitiam
1696 422 1837 463 prodere,
1862 422 1924 452 iam
1941 421 2078 453 Jacobus

178 471 408 514 Bernaysius1)
432 477 518 504 recte
544 473 676 510 monuit,
702 484 771 504 cum
797 473 970 514 legentium
1009 474 1135 505 animos
1171 474 1209 505 ad
1234 473 1391 505 Neronem
1428 473 1521 504 simili
1556 472 1650 504 modo
1685 473 1724 505 ab
1758 476 1892 515 utroque
1926 475 2078 515 scriptore

175 528 345 557 tractatum
369 526 549 557 adverteret
559 537 567 557 ι

347 591 436 632 Sulp.
461 591 531 623 Sev.
557 591 672 622 Chron.
697 592 726 629 2,
751 592 802 628 28„
827 591 847 623 2

220 668 330 677 .....
366 647 440 686 post
476 646 571 676 etiam
598 645 798 686 Pythagorae
832 643 955 675 cuidam
988 646 1021 675 in

179 697 307 728 modurn
331 698 510 728 solennium
528 698 747 738 coniugiorum
767 698 916 733 nuberet;
939 698 1021 728 indi-

185 755 314 791 tumque
345 752 527 792 imperatori
559 751 748 788 flammeum,
781 751 836 781 dos
861 754 892 781 et
916 752 1022 791 genia-

178 804 216 835 lis
239 804 350 834 thorus
374 807 406 835 et
429 804 513 835 faces
538 804 706 845 nuptiales,
741 808 854 835 cuneta
877 804 1021 844 denique,

180 867 265 897 quae
290 857 339 888 vel
363 858 396 888 in
422 857 550 888 feminis
575 868 638 888 non
664 859 730 888 sine
746 855 934 888 verecundia
949 868 1024 888 con-

178 901 365 950 spiciuntur,
390 913 542 951 spectata.

222 962 310 1004 Sulp.
336 962 406 995 Sev.
432 962 549 996 Chron.
576 964 603 1000 2,
639 965 689 999 29,
725 965 830 995 1—3
860 962 920 994 Sed
955 964 1022 1003 opi-

178 1017 231 1047 nio
256 1016 395 1047 omnium
421 1017 575 1047 invidiam
607 1016 743 1047 incendii
779 1018 810 1047 in
846 1017 1022 1057 principem

182 1069 386 1110 retorquebat
420 1069 664 1110 credebaturque
694 1070 867 1110 imperator
890 1069 1023 1110 gloriam

179 1122 378 1153 innovandae
402 1123 488 1153 urbis
512 1122 711 1163 quaesivisse.
770 1121 879 1163 Neque
902 1122 966 1153 ulla
990 1133 1023 1152 re

178 1174 262 1207 Nero
287 1175 455 1212 efficiebat,
482 1176 557 1217 quin
583 1176 621 1206 ab
646 1186 682 1206 eo
705 1176 824 1206 iussum
841 1175 1021 1206 incendium

180 1231 354 1269 putaretur.
412 1228 515 1270 Igitur
539 1230 633 1259 vertit
656 1228 806 1259 invidiam
831 1229 862 1259 in
888 1227 1023 1259 Christi-

183 1293 260 1313 anos
281 1285 432 1323 actaeque
447 1283 479 1313 in
508 1282 654 1313 innoxios
677 1282 912 1312 crudelissimae
929 1292 1022 1322 quae·

183 1336 312 1372 stiones,
338 1336 413 1376 quin
438 1338 469 1366 et
494 1345 594 1366 novae
618 1339 734 1366 mortes
759 1336 964 1375 excogitatae,
989 1337 1024 1366 ut

184 1389 320 1419 ferarum
344 1389 442 1429 tergis
467 1389 604 1419 contecti
627 1387 752 1419 laniatu
776 1397 890 1419 canum
913 1389 1022 1419 interi-

177 1446 257 1474 rent.
304 1441 398 1472 Multi
436 1441 579 1472 crucibus
609 1442 695 1472 affixi
719 1445 773 1472 aut
797 1441 925 1471 flamma
948 1442 1022 1473 usti.

180 1494 326 1536 Plerique
360 1496 392 1526 in
423 1495 454 1525 id
478 1495 638 1531 reservati,
674 1497 717 1528 ut,
752 1504 822 1525 cum
857 1494 1022 1525 defecisset

176 1548 252 1586 dies,
276 1547 308 1578 in
334 1558 425 1579 usum
451 1548 597 1578 nocturni
623 1547 750 1578 luminis
774 1550 948 1578 urerentur.

1502 592 1575 625 Tac.
1600 604 1673 624 ann.
1700 594 1749 629 15,
1774 593 1814 625 37

1282 670 1394 678 .....
1423 645 1484 676 11181
1508 656 1623 686 paucos
1657 649 1731 687 post
1766 646 1831 677 dies
1865 647 1920 677 uni
1955 657 1993 677 ex
2027 646 2080 678 illo

1242 700 1529 730 contaminatorum
1576 709 1671 739 grege
1710 701 1840 737 (nomen
1880 698 2081 740 Pythagorae

1242 752 1316 791 fuit)
1353 753 1385 782 in
1410 752 1537 782 modum
1562 751 1760 782 sollemnium
1785 752 2003 793 coniugiorum
2027 752 2079 783 de-

1239 805 1406 845 nupsisset.
1431 803 1571 835 Inditum
1583 803 1767 845 imperatori
1784 804 1974 842 flammeum,
1992 805 2080 835 missi

1240 858 1402 898 auspices;
1437 857 1493 888 dos
1518 862 1548 887 et
1571 857 1704 898 genialis
1728 860 1815 888 torus
1839 860 1871 887 et
1893 857 1976 887 faces
1999 867 2080 898 nup-

1241 909 1344 945 tiales,
1368 913 1480 940 cuncta
1503 908 1638 950 denique
1662 913 1815 950 spectata,
1839 919 1919 950 quae
1935 910 2031 940 etiam
2046 910 2079 940 in

1239 963 1357 994 femina
1380 973 1441 993 nox
1466 963 1577 1003 operit.

1285 1016 1361 1047 Tac.
1386 1027 1458 1047 ann.
1485 1016 1535 1051 15,
1560 1016 1602 1046 40
1626 1018 1657 1046 et
1680 1016 1723 1046 44
1747 1018 1827 1057 (cap.
1850 1016 1920 1056 40):
1944 1015 2081 1057 Plusque

1239 1070 1390 1100 infamiae
1413 1069 1444 1099 id
1468 1069 1645 1100 incendium
1683 1069 1803 1106 habuit,
1838 1069 1911 1110 quia
1945 1069 2080 1110 praediis

1243 1122 1393 1163 Tigellini
1418 1122 1605 1153 Aemilianis
1635 1124 1821 1162 proruperat
1856 1122 2081 1163 videbaturque

1242 1175 1326 1206 Nero
1350 1175 1530 1206 condendae
1563 1174 1649 1205 urbis
1685 1185 1784 1206 novae
1815 1178 1846 1205 et
1869 1178 2080 1215 cognomento

1243 1239 1299 1259 suo
1326 1228 1530 1269 appellandae
1553 1227 1685 1268 gloriam
1714 1237 1871 1268 quaerere.
1906 1228 1984 1269 (cap.
2010 1229 2080 1268 44):

1241 1281 1344 1322 Igitur
1360 1282 1497 1322 primum
1513 1282 1658 1321 correpti,
1683 1282 1735 1322 qui
1753 1281 1944 1318 fatebantur,
1968 1281 2079 1312 deinde

1245 1334 1361 1365 indicio
1386 1345 1492 1365 eorum
1517 1333 1687 1364 multitudo
1708 1335 1829 1373 ingens,
1853 1333 1937 1365 hand
1953 1334 2082 1375 perinde

1242 1388 1272 1418 in
1304 1388 1434 1418 crimine
1458 1387 1594 1418 incendii
1618 1398 1711 1427 quam
1737 1386 1808 1418 odio
1833 1386 1962 1417 humani
1985 1397 2081 1428 gene-

1245 1441 1287 1471 ris
1310 1441 1445 1471 convicti
1469 1443 1552 1472 suut.
1589 1439 1630 1470 Et
1652 1440 1857 1481 pereuntibus
1870 1440 1976 1471 addita
2000 1439 2077 1470 ludi-

1239 1493 1320 1531 bria,
1344 1498 1379 1524 ut
1402 1494 1536 1524 ferarum
1560 1494 1659 1534 tergis
1676 1494 1811 1524 contecti
1828 1493 1947 1524 laniatu
1964 1503 2078 1524 canum

1240 1547 1409 1577 interirent
1423 1547 1492 1586 [aut
1504 1546 1646 1577 crucibus
1659 1546 1746 1577 affixi
1760 1549 1816 1577 aut
1828 1546 1957 1577 flamma
1970 1546 2043 1587 usti]
2051 1544 2079 1586 Β)

1246 1603 1351 1640 atque,
1382 1599 1434 1630 ubi
1458 1600 1623 1630 defecisset
1648 1599 1722 1636 dies,
1751 1600 1783 1630 in
1819 1610 1909 1630 usum
1934 1600 2080 1631 nocturni

1234 1653 1363 1683 luminis
1386 1655 1559 1683 urerentur.

336 1715 443 1746 Alium
461 1716 625 1756 praeterea
648 1714 749 1745 locum
778 1713 892 1745 Chron.
918 1716 946 1751 2,
972 1715 1024 1753 30,
1050 1716 1079 1752 6,
1105 1724 1167 1757 quo
1192 1714 1348 1755 Sulpicius
1372 1713 1536 1744 consilium
1562 1713 1628 1744 Titi
1651 1714 1689 1744 de
1712 1714 1880 1744 evertendo
1897 1713 2081 1754 Hierosoly-

179 1778 303 1799 morum
327 1768 446 1809 templo
472 1768 567 1809 longe
591 1768 691 1804 aliter,
717 1778 811 1808 quam
843 1767 1002 1809 ,Iosephus
1027 1767 1116 1808 (bell.
1143 1767 1214 1799 Jud.
1241 1766 1270 1804 6,
1296 1768 1324 1804 4,
1350 1767 1385 1807 3)
1415 1771 1532 1804 narrat,
1568 1778 1605 1797 ex
1641 1766 1841 1797 historiarum
1876 1765 1956 1797 libro
1991 1769 2081 1798 sexto

180 1821 271 1852 nobis
294 1821 418 1862 perdito
442 1821 577 1851 fluxisse
604 1820 796 1861 Bernaysius
822 1821 950 1853 indic—at.
997 1821 1083 1858 Quae
1106 1822 1287 1852 coniectura
1311 1819 1368 1851 hac
1392 1821 1429 1850 de
1453 1831 1545 1851 causa
1576 1818 1652 1850 mihi
1687 1819 1812 1860 quidem
1847 1819 2082 1860 comprobanda

180 1885 248 1905 esse
274 1874 406 1906 videtur.
452 1873 535 1904 Nam
560 1874 586 1904 si
611 1884 655 1910 ea,
680 1884 759 1914 quae
784 1873 913 1905 Orosius
938 1873 983 1915 (7,
1008 1875 1038 1911 9,
1067 1873 1103 1915 5)
1127 1874 1164 1904 de
1188 1872 1335 1904 incendio
1359 1873 1480 1904 delubri
1502 1871 1691 1903 Judaeorum
1717 1872 1821 1913 refert,
1857 1882 1927 1903 cum
1951 1864 2080 1913 Sulpicii

180 1927 364 1958 testimonio
381 1937 555 1967 compares,
580 1926 673 1957 facile
698 1937 883 1967 cognoscas,
909 1927 1007 1962 illum,
1033 1937 1102 1957 cum
1128 1926 1193 1957 Titi
1217 1925 1380 1957 consilium
1404 1925 1511 1966 paucis
1535 1925 1637 1956 verbis
1661 1927 1705 1957 sic
1727 1925 1844 1966 aperit:
1871 1924 2012 1967 »(Titus)
2028 1925 2081 1956 diu

185 1980 380 2017 deliberavit,
407 1983 511 2010 utrum
542 1979 724 2019 (templum)
750 1984 912 2020 tamquam
938 1980 1178 2010 incitamentum
1204 1979 1342 2010 hostium
1368 1979 1547 2010 incenderet
1577 1989 1617 2009 an
1641 1979 1678 2010 in
1703 1978 1977 2009 testimonium
2003 1980 2081 2010 vic-

178 2031 349 2073 toriae3)
375 2044 432 2063 res
444 2044 504 2063 erv
516 2040 628 2069 aret,«
665 2033 742 2063 nihil
780 2033 864 2064 aliud
896 2033 1083 2074 significare,
1115 2033 1177 2064 nisi
1201 2032 1283 2073 quod
1308 2031 1466 2073 Sulpicius
1489 2031 1654 2074 copiosius*
1669 2031 1751 2062 hunc
1779 2032 1811 2062 in
1833 2031 1961 2062 modum
1985 2042 2081 2073 expo-

338 2137 360 2172 1)
379 2139 403 2164 J.
424 2139 495 2165 Ber
508 2147 619 2172 naJyS,
640 2139 730 2164 Uebcr
750 2139 794 2164 die
819 2139 940 2165 Chronik
962 2139 1008 2165 des
1028 2137 1168 2172 Sulpicius
1188 2138 1311 2164 Severus.
1331 2139 1444 2164 Breslau
1464 2137 1540 2170 1861,
1559 2147 1585 2171 p.
1604 2137 1715 2164 48—61.

338 2181 361 2215 2)
382 2183 510 2209 Perverse
531 2183 590 2209 cod.
610 2183 698 2208 Med:
734 2183 867 2209 alaniam
888 2191 987 2209 canum
1008 2183 1157 2209 interirent
1176 2184 1225 2208 aut
1244 2182 1372 2208 crucibus
1400 2183 1476 2209 affixi
1496 2185 1545 2209 aut
1564 2182 1733 2208 flammandi.
1763 2185 1848 2215 atque
1868 2182 1916 2208 ubi
1936 2182 2079 2208 defecisset

179 2226 238 2252 dies
258 2236 280 2252 e.
300 2235 326 2259 q.
346 2236 382 2252 8.«
423 2227 611 2261 Nipperdeius
631 2227 730 2253 verba:
771 2227 916 2259 »crucibus
947 2227 1023 2253 affixi
1052 2229 1102 2253 aut
1121 2226 1282 2253 flammandi
1302 2230 1410 2260 atque,«
1433 2235 1503 2260 quae
1528 2236 1560 2253 ex
1580 2227 1745 2259 glossemate
1765 2226 1793 2252 in
1812 2228 1919 2252 textum
1940 2226 2079 2259 irrepsisse

181 2271 333 2303 contendit,
354 2271 431 2296 uncis
452 2271 581 2302 inclusit;
615 2271 743 2303 equidem
764 2271 823 2297 fieri
846 2280 924 2304 posse
943 2271 1074 2304 suspicor.
1104 2272 1135 2296 ut
1155 2270 1296 2304 Sulpicius
1316 2272 1373 2305 ipse
1393 2272 1461 2297 haec
1481 2272 1565 2297 verba.
1584 2271 1674 2297 textui
1694 2270 1807 2297 Taciteo
1827 2270 1969 2303 adiecerit,
1998 2279 2079 2304 prop-

182 2320 259 2341 terea
272 2315 347 2348 quod
360 2315 480 2349 scriptor
499 2315 704 2341 ecclesiasticus
724 2316 743 2341 l.
762 2316 780 2340 l.
801 2324 855 2341 non
876 2315 958 2341 modo
972 2314 1195 2341 Christianorum
1215 2315 1361 2348 supplicia.
1380 2324 1451 2348 quae
1470 2315 1590 2349 scriptor
1607 2323 1698 2340 rerum
1713 2315 1901 2340 Romanarum
1915 2323 1947 2340 ex
1962 2315 2078 2341 Neronis

184 2359 336 2385 »ludibrio«
358 2359 569 2392 interpretatur.
589 2368 621 2385 ex
640 2367 671 2385 eo
692 2362 753 2384 orta
772 2368 828 2385 esse
848 2358 927 2391 dicit,
947 2359 1022 2391 quod
1042 2359 1196 2392 imperator
1217 2367 1317 2385 »novas
1338 2364 1439 2385 mortes
1459 2359 1683 2392 excogitaverit,«
1706 2359 1752 2384 sed
1772 2359 1857 2384 etiam
1877 2359 1975 2385 chron.
1994 2360 2019 2385 2.
2037 2358 2078 2384 30.

181 2411 236 2435 qno
257 2403 317 2429 loco
337 2411 369 2429 ex
389 2403 481 2429 Taciti
501 2403 625 2429 historiis
645 2411 686 2429 res
705 2403 835 2429 hausisse
855 2403 966 2429 videtur
985 2404 1033 2434 (cf.
1054 2402 1201 2429 Halmii
1221 2403 1438 2429 recentissimam
1458 2403 1549 2429 Taciti
1568 2403 1727 2429 editionem.
1747 2403 1812 2437 Lips
1842 2403 1917 2431 1883.
1937 2403 1990 2430 vol.
2009 2402 2033 2434 2,
2052 2413 2079 2437 p.

182 2446 255 2480 218),
276 2447 303 2473 in
323 2447 493 2484 ,Iudaeorum
513 2447 722 2474 interfectorum
745 2456 860 2474 numero
880 2448 1023 2473 referendo
1049 2447 1170 2480 Josepho
1191 2447 1283 2480 potius
1303 2456 1385 2480 quam
1405 2448 1503 2474 Tacito
1523 2456 1601 2473 aures
1621 2448 1735 2481 praebet
1755 2447 1802 2477 (cf.
1822 2448 1897 2473 Oros.
1917 2449 1941 2479 7,
1960 2446 1984 2473 9.
2004 2448 2037 2477 7).

338 2489 361 2523 ³)
384 2492 421 2517 Ex
443 2491 560 2525 Sulpicii
580 2492 640 2518 loco
660 2492 776 2517 sortasse
802 2492 1005 2518 emendandum
1026 2493 1080 2517 est:
1103 2491 1230 2517 »victoris
1249 2492 1425 2518 modestiae.«
