2234 2902
1029 235 1068 265 41

91 345 247 376 honorem
266 343 432 375 Octaviani
451 343 588 384 Augusti
612 343 662 374 vel
687 343 798 374 matris
821 341 898 378 eius,
922 340 1038 372 sororis
1062 340 1140 373 Julii
1157 339 1310 374 Caesaris,
1333 340 1387 381 qui
1412 340 1532 381 primus
1551 337 1689 370 Galliam
1709 338 1852 370 Romano
1877 339 2004 380 subegit

91 398 223 439 imperio
254 399 286 428 et
314 396 533 434 Germaniam,
566 395 672 427 serunt
703 396 801 426 fuisse
831 396 1048 426 nominatam«
1083 405 1153 425 cum
1182 393 1235 424 illo
1260 393 1329 424 loco
1354 402 1456 433 neque
1481 391 1677 423 conveniunt
1701 401 1802 432 neque
1828 393 2003 432 comparari

91 453 236 491 possunt.
284 450 390 491 Atque
416 449 559 480 scholion
586 449 649 481 124
673 449 711 480 ad
736 445 920 486 Adamum¹)
946 446 1047 487 (Mon.
1071 446 1178 479 Germ.
1204 446 1286 479 Scrr.
1310 446 1340 483 7,
1365 445 1458 485 376):
1489 444 1640 475 »Tacitus
1659 445 1778 475 Suevos
1802 444 1861 476 hoe
1878 455 2004 486 quoque

92 502 251 534 Sueonum
278 502 406 533 nomine
430 502 590 543 appellat«
617 502 671 542 (cf.
689 501 793 534 Germ.
807 502 850 531 44
865 500 929 542 sq.)
956 498 1141 540 Waitzius2)
1167 500 1281 530 merito
1306 510 1342 530 ex
1369 501 1511 529 veterum
1535 497 1724 529 scholiorum
1752 509 1883 529 numero
1907 499 2003 534 tollit.

92 557 209 598 quippe
233 555 317 596 quod
348 556 382 586 in
416 555 502 586 nullo
528 555 708 586 Bremensis
744 553 890 585 monachi
924 553 1043 590 codice,
1078 553 1131 584 sed
1168 554 1200 584 in
1238 552 1459 593 Descriptione
1493 551 1659 592 regionum
1696 551 2000 583 se1)temtriona1i11m

92 620 175 640 anno
202 608 287 641 1685
314 609 399 639 edita
423 610 455 640 in
481 608 623 649 margine
647 608 834 638 adnot-atum
859 609 973 638 exstet.

251 661 300 692 Ex
323 672 359 692 eo
383 663 503 695 autem,
535 660 620 702 qnod
655 660 737 702 apud
768 660 846 690 duos
869 659 986 690 saeculi
1010 658 1186 689 duodecimi
1214 659 1384 700 scriptores
1410 657 1516 689 Taciti
1539 667 1671 694 nomen,
1707 657 1853 698 sequenti
1879 659 2003 688 saeculo

91 714 169 746 illud
195 714 325 756 quidem
350 714 444 755 plane
468 724 507 745 ex
530 714 693 745 hominum
718 713 869 744 memoria
893 722 1084 743 evanescens
1109 714 1390 743 commemoratum
1415 712 1566 752 legimus,
1592 722 1655 742 non
1681 714 1730 741 est
1753 711 2001 742 concludendum

93 769 189 799 etiam
214 767 312 799 libros
336 769 403 798 eius
436 767 500 798 illis
532 769 710 807 compertos
734 765 842 799 fuisse.
888 764 1028 796 Joannes
1060 766 1160 805 igitur
1184 763 1465 804 Saresberiensis3)
1498 769 1530 795 et
1554 764 1667 795 Petrus
1694 763 1902 802 Blaesensis4)
1928 764 2003 795 Cor-

92 821 210 852 nelium
234 819 380 851 Tacitum
405 820 547 861 aliosque
569 830 671 850 rerum
697 819 867 859 scriptores
891 819 936 849 sic
959 818 1108 849 landant:

193 873 334 906 Joannes
359 873 483 906 Saresb.
509 873 715 904 Policraticus
740 873 768 909 8,
796 873 836 903 18
1044 871 1046 910 1
1305 870 1391 902 Petr.
1418 870 1595 902 Blaesensis
1620 869 1756 911 epistula
1781 871 1841 902 101

140 927 226 964 Quae
250 927 277 958 si
301 928 371 968 quis
395 926 580 967 diligentius
611 926 765 957 recenseri
798 924 942 961 voluerit,
1044 954 1045 960 ,
1200 923 1330 956 Praeter
1364 927 1486 955 ceteros
1521 923 1592 955 illos
1628 924 1740 961 libros,
1777 924 1830 965 qui
1867 923 2006 954 celebres

96 980 181 1020 legat
216 991 261 1016 ea,
297 988 379 1020 quae
412 979 536 1020 Trogus
560 978 738 1019 Pompeius,
773 977 942 1019 Josephus,
1155 982 1230 1009 sunt
1255 979 1286 1009 iu
1312 978 1438 1015 scholis,
1462 977 1585 1018 profuit
1601 976 1679 1008 mihi
1698 977 1881 1018 frequenter
1906 978 2002 1018 inspi-

98 1033 285 1075 Egesippus,
311 1031 491 1069 Suetonius,
516 1031 652 1068 Quintus
669 1030 805 1068 Curtius,
823 1029 941 1062 Corne·
1155 1042 1224 1062 cere
1238 1031 1378 1071 Trogum
1392 1030 1591 1071 Pompeium,
1604 1029 1789 1070 Josephum,
1805 1028 2005 1067 Suetonium,

95 1085 155 1117 lius
180 1085 319 1123 Tacitus,
344 1085 437 1116 Titus
452 1085 571 1122 Livius,
595 1083 768 1123 Serenus5)
793 1088 824 1115 et
838 1084 940 1115 Tran-
1044 1081 1046 1111 ἶ
1156 1084 1390 1125 Hegesippum,
1430 1083 1582 1120 Quintum
1623 1082 1784 1120 Curtium,
1823 1082 2005 1114 Cornelium

96 1139 222 1181 quillus,
247 1141 278 1169 et
302 1138 356 1169 alii
379 1138 530 1172 historici.
561 1148 641 1179 quos
666 1148 849 1169 enumerare
874 1137 943 1168 lon·
1044 1141 1046 1178 ζ
1157 1137 1314 1175 Tacitum,
1340 1136 1448 1167 Titum
1475 1136 1611 1173 Livium,
1636 1136 1690 1178 qui
1715 1147 1824 1167 omnes
1849 1138 1880 1167 in
1906 1136 2004 1167 histo-

96 1201 171 1234 gum
194 1196 251 1226 ost,
274 1192 339 1222 suis
364 1191 671 1232 comprehenderunt
694 1191 846 1222 historiis.
1156 1191 1220 1228 riis,
1245 1200 1324 1231 quas
1348 1190 1498 1227 referunt,
1524 1189 1625 1220 multa
1648 1190 1686 1220 ad
1712 1200 1836 1220 morum
1860 1188 2005 1220 aedifica-

1155 1245 1276 1275 tionem
1301 1247 1332 1275 et
1356 1244 1393 1274 ad
1419 1244 1597 1285 profectum
1622 1244 1773 1274 scientiae
1790 1243 1931 1274 liberalis
1956 1244 2005 1274 in-

1156 1300 1326 1330 terserunt.

255 1352 361 1392 Atque
383 1350 541 1382 Joannem
575 1352 710 1393 quidem,
736 1352 790 1392 qui
814 1362 898 1383 anno
926 1352 1008 1383 1159
1033 1351 1255 1383 Policraticum
1280 1351 1416 1391 scripsit,
1451 1349 1557 1381 Taciti
1588 1361 1705 1381 nomen
1738 1350 1846 1381 eadem
1872 1349 2006 1386 ratione,

95 1416 156 1447 qua
181 1404 404 1445 Freculphum‚
430 1416 467 1435 ex
492 1404 603 1436 Orosio
627 1406 808 1446 sumpsisse,
832 1405 976 1436 Ritterus
999 1417 1030 1447 p.
1055 1405 1204 1438 XXXVI.
1230 1408 1313 1436 recte
1338 1407 1456 1441 monet,
1489 1404 1576 1435 cuius
1610 1404 1668 1434 viri
1700 1403 1784 1434 docti
1812 1403 2004 1434 sententiam

96 1457 403 1489 Schaarschmidtius
420 1458 440 1490 l.
459 1458 478 1490 l.
496 1469 526 1499 p.
545 1458 608 1490 205
633 1469 701 1500 sqq.
726 1458 805 1489 bene
828 1459 873 1489 ita
896 1458 1090 1500 comprobat,
1118 1462 1152 1490 ut
1174 1459 1258 1489 hunc
1282 1456 1506 1499 philosophum
1530 1457 1647 1488 multos
1670 1459 1850 1498 scriptores.
1874 1468 2007 1498 quorum

94 1511 192 1542 libros
217 1522 388 1552 numquam
415 1511 553 1548 vidisset,
577 1514 743 1553 tamquam
769 1511 868 1543 lectos
892 1512 953 1543 sibi
978 1515 1009 1543 et
1032 1513 1178 1552 cognitos
1211 1511 1355 1542 laudasse
1385 1511 1507 1544 doceat.
1554 1510 1632 1541 Cum
1665 1514 1770 1541 autem
1796 1510 1917 1544 Petrus,
1953 1511 2006 1552 qui

94 1565 175 1595 circa
198 1574 318 1595 annum
342 1565 428 1596 1200
452 1565 541 1602 vixit,
564 1565 672 1596 eadem
696 1564 900 1606 antiquorum
925 1566 1117 1607 scriptorum
1143 1566 1283 1600 nomina,
1309 1576 1390 1606 quae
1414 1565 1496 1605 apud
1521 1563 1678 1595 Joannem
1714 1566 1853 1601 exstant,
1887 1563 2007 1595 Sereno

95 1619 126 1648 et
150 1616 336 1658 Tranquillo
354 1618 489 1655 omissis,
515 1629 577 1649 uno
601 1618 665 1649 fere
690 1619 861 1659 eodemque
885 1619 995 1650 ordine
1019 1620 1177 1660 praebeat,
1203 1629 1240 1650 ea
1265 1630 1302 1650 ex
1324 1618 1506 1659 philosophi
1525 1618 1773 1649 Saresberiensis
1797 1617 1866 1648 loco
1892 1619 2006 1649 hausta

95 1682 162 1702 esse
186 1669 356 1702 admodum
380 1671 545 1712 probabile
569 1672 615 1705 fit.

252 1723 305 1755 Ita
340 1735 411 1765 spes
447 1724 525 1763 fore,
561 1728 596 1756 ut
620 1725 825 1767 Freculphus,
862 1726 1046 1767 Harigerus‚
1084 1725 1225 1756 Adamus
1260 1726 1292 1756 iu
1318 1724 1499 1763 Germania,
1536 1726 1568 1756 in
1595 1725 1762 1755 Britannia
1786 1724 1937 1761 Joannes,
1974 1726 2005 1755 in

94 1777 197 1808 Gallia
218 1777 331 1808 Petrus
350 1777 451 1809 Taciti
476 1777 574 1809 libros
599 1780 774 1817 novissent,
799 1791 857 1810 nos
881 1782 1033 1811 frustrata
1057 1782 1115 1812 est.
1161 1778 1296 1810 Joannis
1321 1781 1426 1810 autem
1452 1777 1700 1810 Saresberiensis
1725 1777 1903 1819 populares,
1929 1789 2007 1819 quos

93 1830 230 1861 breviter
254 1831 412 1871 attingere
436 1841 499 1862 non
524 1832 638 1863 inutile
661 1833 730 1870 erit,
757 1833 950 1874 Agricolam,
975 1834 1028 1873 qui
1053 1834 1149 1864 situm
1175 1843 1340 1873 moresque
1364 1831 1552 1863 Britanniae
1578 1832 1729 1867 illustrat,
1762 1842 1825 1862 non
1851 1832 2005 1871 sprevisse

92 1887 269 1924 exspecteS,
295 1894 401 1914 verum
428 1894 520 1915 nemo
545 1885 576 1915 iu
596 1884 764 1916 Britannia
787 1896 842 1926 per
866 1886 1003 1916 medium
1029 1895 1140 1917 aevum
1164 1885 1249 1916 hunc
1273 1885 1387 1916 librum
1413 1888 1650 1916 commemorat.
1698 1883 1811 1924 Itaque
1833 1892 2005 1924 numquam

94 1935 289 1977 Agricolam,
314 1937 428 1967 nedum
454 1937 576 1978 reliqua
601 1937 705 1969 Taciti
729 1949 833 1980 opera,
859 1950 896 1970 ex
920 1940 1098 1971 continenti
1123 1940 1155 1970 in
1174 1938 1399 1970 Britannorum
1425 1939 1561 1969 insulam
1587 1938 1814 1978 commigrasse
1838 1947 1895 1977 pro
1920 1942 2005 1967 certo

91 1988 326 2020 affirmaverim.

253 2041 339 2073 Haec
363 2043 533 2085 hacteuus3
574 2043 628 2074 sed
652 2055 668 2074 e
692 2044 858 2077 Britannia
882 2047 914 2077 in
939 2046 1067 2078 Italiam
1092 2047 1230 2078 transire
1258 2047 1360 2077 visum
1385 2050 1442 2080 est,
1478 2045 1531 2076 ubi
1568 2045 1694 2076 saeculo
1733 2048 1848 2085 quarto
1884 2044 2005 2074 decimo

94 2093 224 2125 Petarca
248 2098 280 2126 et
304 2095 452 2127 Boccatio
476 2097 605 2128 ducibus
631 2103 662 2128 et
685 2098 762 2130 alios
787 2099 976 2131 Graecorum
1002 2099 1284 2140 Romanorumque
1307 2100 1478 2140 scriptores
1501 2098 1534 2128 iu
1560 2099 1661 2129 lucen]
1690 2097 1831 2139 protrahi
1857 2099 1888 2127 et
1914 2096 2005 2127 Taci-

90 2153 157 2178 tum
190 2149 306 2179 sensim
340 2152 371 2180 et
402 2150 569 2190 paullatim
605 2152 780 2192 expergisci
805 2153 955 2186 videmus.
1004 2153 1150 2184 Petrai-ca
1181 2155 1297 2189 autem,
1329 2154 1383 2193 qui
1408 2156 1473 2184 tam
1501 2153 1617 2184 multos
1643 2157 1770 2184 veteres
1796 2153 1966 2193 scriptores
1991 2162 2007 2182 e

89 2202 299 2233 claustrorum
322 2213 446 2234 recessu
470 2215 506 2235 ac
530 2204 701 2236 solitudine
724 2206 756 2236 in
781 2205 945 2237 hominum
970 2206 1182 2247 frequentiam
1207 2205 1385 2243 reducebat,
1419 2206 1567 2237 Tacitum
1593 2205 1689 2247 plane
1719 2205 1844 2236 silentio
1869 2207 2007 2245 praeter-

88 2257 149 2287 isse
181 2257 315 2294 videtur,
351 2258 515 2290 Boccatius
545 2269 618 2290 vero
643 2260 717 2301 quin
744 2260 888 2291 ultimam
912 2264 1035 2301 partem
1059 2261 1221 2291 annalium
1248 2264 1279 2291 et
1304 2261 1509 2291 historiarum
1535 2259 1668 2300 primam
1693 2259 1802 2290 codice
1815 2256 1838 2297 6)
1866 2258 2005 2298 quodam

248 2361 270 2396 l)
290 2364 412 2390 Asamus
431 2364 490 2398 ipse
510 2365 583 2392 Mon.
613 2365 703 2392 Germ.
732 2366 802 2392 Sci-r.
830 2367 854 2398 7,
883 2367 934 2392 286
959 2376 1014 2393 non
1040 2375 1054 2393 e
1074 2367 1180 2394 Tacito.
1209 2368 1255 2394 sed
1275 2376 1307 2394 ex
1327 2368 1522 2394 Trauslatione
1544 2369 1568 2393 S.
1589 2366 1749 2394 Alexandri
1774 2366 1791 2391 1.
1812 2366 1830 2391 l.
1851 2366 2005 2398 exscripsit.

88 2405 154 2440 -2)
173 2408 213 2435 Cf.
235 2408 476 2435 Waitziauam
496 2409 649 2436 editionem
664 2410 764 2437 Adami
784 2419 817 2437 ex
836 2412 995 2438 recensione
1015 2411 1506 2447 Lappenbergii18767p.169
1528 2418 1555 2439 et
1576 2423 1603 2446 p.
1624 2413 1669 2438 XI.
1692 2412 1753 2437 ΧΗ.
1770 2426 1800 2429 ——
1815 2409 1838 2442 ³)
1859 2411 1994 2437 Schaar

85 2452 255 2485 schmidt,
275 2453 396 2480 Joannes
416 2453 629 2480 Saresberiensis
655 2455 683 2480 in
709 2455 813 2481 seinem
833 2455 994 2482 Verbaltnis
1019 2465 1068 2482 zur
1093 2456 1264 2482 klassischen
1292 2456 1436 2483 Literatur
1459 2466 1483 2489 μ.
1505 2456 1556 2481 204
1576 2459 1645 2482 nota
1664 2457 1688 2480 4.
1712 2469 1742 2473 -
1762 2453 1783 2486 ⁴)
1805 2455 1913 2486 Riihl,
1940 2454 2006 2480 Ver—

84 2495 218 2530 breitung
236 2497 283 2523 des
302 2497 396 2523 Justin
416 2497 455 2522 im
477 2497 645 2525 Mittelalter
665 2508 691 2532 p.
711 2499 754 2524 22.
776 2512 807 2516 —
822 2496 843 2530 ⁵)
862 2499 989 2525 Fortasse
1009 2499 1187 2526 scribendum
1207 2502 1262 2526 est:
1285 2500 1441 2526 »Severusa
1466 2514 1497 2519 -—
1518 2499 1542 2533 6)
1564 2500 1650 2534 Epist.
1672 2500 1706 2525 ad
1732 2499 1824 2526 Nicol.
1845 2499 1878 2525 de
1900 2499 2008 2524 Monte-

82 2539 197 2570 alcone;
230 2541 338 2567 Corazz.
360 2550 384 2574 p.
405 2540 467 2567 259.

1775 2590 1794 2621 6
