2234 2902
1099 221 1214 268 πή

530 328 659 359 Tacitus
1555 323 1742 354 Ammianus

215 382 320 414 Germ.
338 381 380 413 22
404 381 538 419 crebrae,
564 383 599 411 ut
619 382 702 412 inter
719 380 905 415 vinolentes,
928 380 1014 410 rixae
1272 377 1323 415 27,
1347 377 1378 414 4,
1407 377 1427 407 9
1462 374 1614 416 Odrysae,
1649 375 1696 407 ita
1731 375 1905 406 humanum
1941 374 2070 405 fundere

169 488 399 528 transiguntur.
1229 492 1292 514 non
1317 482 1453 518 daretur,
1478 481 1538 521 ipsi
1562 481 1646 512 inter
1668 480 1775 521 epulas
1800 483 1874 521 post
1898 479 1959 510 cibi
1975 480 2071 510 satie-

1228 538 1327 566 tatem
1360 537 1391 565 et
1420 536 1514 575 potus
1542 534 1606 565 suis
1634 532 1719 564 velut
1750 532 1860 564 alienis
1888 532 2071 573 corporibus

1229 588 1448 628 imprimerent
1471 587 1608 627 ferrum;
1645 585 1684 617 cf.
1701 585 1833 624 Douizo,
1861 584 1948 618 Mon.
1965 584 2071 616 Germ.

1233 641 1282 677 14,
1307 640 1381 673 390.

335 698 478 738 Denique
503 709 546 735 ea,
572 708 651 739 quae
675 698 780 730 Amm.
805 696 856 733 23,
882 698 910 731 6,
935 696 978 728 88
1001 699 1121 733 narrat,
1158 704 1195 725 ex
1231 694 1306 735 Agr.
1334 694 1372 724 12
1406 691 1519 723 hausta
1547 701 1616 723 esse
1640 690 1809 722 admodum
1832 690 1996 731 probabile
2027 693 2075 720 est

177 753 298 791 (verum
323 750 430 782 confer
454 750 536 783 Plin.
562 762 592 783 n.
616 751 647 782 h.
673 751 701 787 9,
726 750 792 790 35).

333 803 391 834 His
426 814 497 834 vero
528 803 604 834 locis
628 803 818 834 Ammianus
848 802 885 832 ad
914 804 1058 842 tempora
1085 801 1119 831 in
1150 800 1310 831 annalium
1340 803 1371 831 et
1403 800 1608 830 historiarum
1632 797 1721 829 libris
1746 798 1916 839 deperditis
1938 800 2075 829 tractata

177 859 308 898 spectat,
334 867 412 897 quos
430 857 580 897 quoniam
597 856 777 897 fragmenta
793 855 924 886 Tacitea
944 854 1035 885 nobis
1052 853 1202 895 praebere
1219 852 1375 890 videntur,
1400 853 1505 884 Amm.
1534 852 1582 887 14,
1609 853 1659 888 11,
1685 851 1738 888 28,
1774 861 1836 892 quo
1860 851 1928 881 loco
1952 849 2075 891 Vespa-

176 911 293 946 sianus,
319 909 421 947 Titus,
446 909 657 947 Domitianus,
685 909 733 945 16,
761 910 787 945 1,
814 909 844 945 3,
869 917 931 948 quo
955 906 1058 943 Titus,
1083 907 1135 943 21,
1162 905 1212 944 16,
1237 906 1266 943 8,
1291 914 1353 946 quo
1378 904 1521 945 Caligula
1547 908 1579 935 et
1597 904 1801 935 Domitianus
1825 912 2076 934 commemoran-

177 966 238 1000 tur,
263 963 398 999 omissis,
423 962 508 993 brevi
533 964 702 1002 conspectu
728 971 919 1002 proponam:

339 1016 366 1047 1.
394 1016 497 1048 Amm.
524 1016 573 1050 14,
598 1016 627 1053 8,
657 1017 675 1046 2
712 1014 753 1045 Et
789 1014 869 1045 hanc
905 1013 984 1054 (scil.
1009 1011 1178 1053 Isauriam)
1213 1010 1339 1052 quidem
1375 1013 1499 1051 praeter
1533 1009 1650 1051 oppida
1684 1010 1784 1041 multa
1820 1010 1898 1040 duae
1933 1010 2077 1040 civitates

179 1071 348 1099 exornant:
374 1068 524 1106 Seleucia,
548 1079 627 1109 opus
652 1067 772 1099 Seleuci
797 1067 891 1109 regis,
916 1068 946 1097 et
970 1064 1196 1106 Claudiopolis,
1221 1075 1314 1104 quam
1340 1063 1447 1094 eduxit
1470 1063 1625 1094 coloniam
1650 1062 1797 1094 Claudius
1822 1061 1945 1094 Caesar.
1955 1061 1979 1102 1)

338 1123 367 1152 2.
386 1121 490 1152 Amm.
510 1122 560 1158 15,
586 1122 614 1157 2,
641 1123 658 1150 5
676 1123 711 1151 ut
727 1123 819 1151 nocte
835 1121 968 1150 ventura
983 1116 1092 1159 procul
1115 1128 1133 1148 a
1157 1119 1327 1157 conspectu
1351 1115 1534 1146 militarium
1558 1119 1668 1156 raptus
1692 1115 1855 1147 Ursicinus
1880 1116 2080 1147 indemnatus

179 1174 381 1211 occideretur,
406 1177 441 1205 ut
464 1174 622 1215 quondam
640 1172 799 1204 Domitius
824 1172 960 1203 Corbulo
984 1170 1098 1202 dicitur
1122 1181 1229 1201 caesus
1253 1171 1286 1200 in
1309 1169 1454 1200 conluvie
1478 1168 1532 1199 illa
1553 1168 1726 1199 Neroniani
1752 1169 1876 1207 saeculi,
1901 1169 2078 1210 provincia-

180 1237 248 1259 rum
282 1227 361 1258 fidus
397 1227 543 1258 defensor
577 1229 608 1257 et
643 1224 797 1261 eautns.2)
845 1224 960 1256 Confer
995 1225 1046 1262 29,
1079 1224 1108 1260 5,
1141 1224 1162 1254 4
1185 1222 1316 1254 Domitii
1348 1221 1536 1253 Corbulonis
1571 1224 1602 1252 et
1627 1221 1715 1252 Lusii
1749 1226 1887 1253 veterum
1912 1222 2078 1260 simillimi,

181 1291 313 1321 quorum
339 1280 425 1320 prior
448 1280 505 1310 sub
529 1278 663 1316 Nerone,
688 1279 769 1309 alter
792 1277 925 1309 Traiano
949 1288 1015 1308 rem
1039 1278 1169 1318 regente
1193 1276 1370 1307 Romanam
1394 1275 1535 1316 pluribus
1560 1275 1732 1305 inclaruere
1756 1275 1891 1306 fortibus
1915 1275 2018 1306 factis.

343 1334 373 1365 3.
399 1333 504 1365 Amm.
528 1333 580 1369 23,
605 1333 633 1368 1,
656 1332 677 1364 2
701 1330 879 1372 (Julianus)
915 1330 1117 1361 ambitiosum
1153 1330 1313 1370 quondam
1349 1329 1430 1369 apud
1454 1327 1675 1368 Hierosolyma
1700 1328 1863 1369 templum,
1892 1327 1976 1369 quod
2007 1330 2080 1369 post

183 1385 283 1416 multa
306 1389 338 1416 et
362 1386 556 1416 interneciva
579 1384 750 1416 certamina
774 1384 938 1414 obsidente
954 1382 1152 1424 Vespasiano
1176 1385 1347 1423 posteaque
1373 1381 1447 1412 Tito
1472 1391 1564 1422 aegre
1588 1383 1635 1411 est
1653 1383 1877 1422 expugnatum,
1902 1382 2080 1411 instaurare

182 1438 353 1480 cogitabat.
363 1436 387 1479 3)

343 1491 373 1522 4.
398 1492 503 1523 Amm.
529 1491 580 1528 18,
605 1491 634 1526 4.
660 1494 677 1522 5
703 1490 826 1520 Horum
856 1493 887 1520 et
916 1489 1066 1520 similium
1097 1489 1201 1519 taedio
1231 1489 1319 1519 iuvat
1351 1491 1487 1520 veterem
1518 1487 1642 1518 laudare
1667 1486 1893 1519 Domitianum,
1926 1487 1978 1528 qui
2010 1486 2083 1517 licet

185 1543 284 1586 patris
307 1544 477 1584 fratrisque
494 1542 654 1574 dissimilis
678 1544 861 1574 memoriam
887 1543 1024 1573 nominis
1048 1542 1097 1572 sui
1121 1540 1305 1582 inexpiabili
1329 1540 1539 1571 detestatione
1562 1540 1712 1581 perfudit,
1735 1543 1843 1570 tamen
1867 1540 2083 1581 receptissima

185 1597 331 1627 inclaruit
354 1596 432 1637 lege,
457 1606 519 1637 qua
543 1596 709 1627 minaciter
734 1596 951 1631 interdixerat,
975 1606 1015 1625 ne
1039 1595 1125 1625 intra
1141 1595 1295 1624 terminos
1310 1593 1385 1624 iuris
1402 1593 1549 1624 dictionis
1568 1592 1730 1623 Romanae
1748 1596 1899 1624 castraret
1916 1593 2083 1634 quisquam

185 1648 362 1690 puerum.4)

346 1703 374 1733 5.
400 1703 506 1735 Amm.
533 1703 580 1735 15,
605 1703 634 1736 5,
658 1701 700 1733 35
725 1712 761 1731 eo
778 1710 873 1738 more,
900 1711 961 1741 quo
985 1710 1108 1741 semper
1132 1699 1240 1730 oderat
1265 1700 1389 1730 fortiter
1412 1699 1573 1735 facientes,
1596 1702 1633 1730 ut
1657 1699 1816 1740 quondam
1841 1698 2085 1741 Domitianus.⁵)

350 1755 556 1785 Aurelium
581 1764 706 1795 quoque
729 1754 955 1790 Victorem,
987 1754 1073 1784 cuius
1102 1753 1140 1783 de
1172 1753 1395 1793 imperatorum
1421 1751 1636 1783 Romanorum
1668 1751 1761 1783 rebus
1792 1753 1891 1792 gestis
1914 1762 2008 1792 opera
2033 1763 2086 1782 ex-

189 1811 298 1849 cerpta
323 1808 352 1838 in
377 1807 562 1838 Caesaribus
585 1809 683 1848 atque
706 1807 739 1838 in
764 1806 913 1848 Epitome
937 1805 1105 1836 memoriae
1129 1806 1248 1837 tradita
1272 1809 1354 1839 sunt,
1380 1805 1490 1836 Tacito
1507 1807 1633 1837 auctore
1650 1815 1741 1835 usum
1758 1815 1824 1835 esse
1845 1804 2044 1835 Woelfflinus
2055 1803 2082 1846 6)

171 445 240 466 raro
276 433 441 471 conviciis,
477 435 600 475 saepius
636 432 730 465 caede
765 435 796 464 et
832 432 1013 463 vulneribus
1115 382 1120 534 i}
1228 430 1415 471 sanguinem
1449 428 1583 464 adsueti,
1616 430 1662 466 ut,
1693 438 1763 459 cum
1804 427 1942 458 hostium
1981 427 2071 467 copia

350 1886 370 1919 1)
390 1887 461 1913 Sane
482 1887 643 1913 Ammianus
663 1888 691 1912 in
712 1886 840 1913 omnibus
860 1886 949 1913 rebus,
969 1895 1036 1919 quas
1057 1887 1098 1916 14,
1117 1886 1142 1921 8,
1165 1886 1248 1912 1—15
1268 1887 1380 1911 tractat.
1400 1895 1453 1911 non
1475 1894 1528 1911 uuo
1548 1885 1700 1917 eodemque
1720 1885 1797 1911 fonte
1817 1884 2004 1918 geographico
2018 1893 2082 1910 usus

189 1940 246 1957 esse
259 1931 307 1963 (cf.
321 1931 459 1957 Gardth
470 1939 589 1963 ausen,
609 1931 659 1956 Die
672 1930 910 1964 geographischen
926 1930 1041 1961 Quellen
1063 1930 1212 1961 Ammians,
1233 1930 1415 1956 Fleckeisen's
1429 1929 1554 1960 Jahrblv„
1574 1930 1595 1953 6.
1611 1927 1878 1962 Supplementband‚
1898 1937 1924 1961 p.
1937 1928 1990 1954 512
2008 1927 2088 1961 sqq.)‚

191 1975 238 2001 sed
258 1977 368 2008 praeter
387 1975 617 2001 commentarium
637 1974 794 2008 provincias
814 1974 924 2008 imperii
944 1974 1062 2000 Romani
1084 1975 1229 2000 continens
1249 1974 1333 2000 etiam
1356 1973 1427 1999 Rufii
1442 1973 1513 1999 Festi
1529 1973 1697 1999 breviarium
1713 1973 1746 1998 de
1761 1973 1841 1999 rebus
1855 1972 1953 2005 populi
1967 1971 2088 1998 Romani

196 2019 280 2052 gestis
299 2018 450 2052 inspexisse
471 2018 581 2044 videtur
601 2019 818 2050 (Mommsen,
849 2018 1000 2044 Ammiau's
1020 2018 1221 2052 Geographica,
1251 2019 1364 2044 Hermes
1394 2019 1433 2044 16.
1463 2018 1514 2043 605
1533 2018 1612 2050 sqq.).
1650 2017 1752 2043 Verum
1781 2026 1843 2042 cum
1874 2025 1962 2049 neque
1991 2016 2088 2042 Rufius

195 2063 291 2088 Festus
317 2071 416 2088 nomen
437 2063 627 2095 Claudiopolis
647 2062 744 2096 oppidi
765 2063 823 2088 ullo
844 2063 904 2088 loco
924 2063 1065 2096 praebeat,
1086 2071 1175 2095 neque
1195 2063 1221 2088 iu
1237 2062 1437 2088 commentario
1457 2062 1506 2088 illo
1526 2062 1688 2095 quidquam,
1709 2061 1760 2087 nisi
1781 2061 1947 2095 oppidorum
1968 2060 2089 2092 nomina,

195 2109 284 2133 exstet
302 2108 348 2139 (ct.
369 2107 530 2133 Mommsen.
549 2107 567 2132 l.
587 2107 604 2132 l.
625 2117 651 2140 p.
672 2106 741 2138 610),
760 2107 818 2132 fieri
840 2108 940 2140 potest,
960 2108 991 2132 ut
1007 2107 1167 2132 Ammianus
1188 2115 1227 2138 ea,
1247 2115 1318 2139 quae
1339 2107 1371 2132 de
1390 2106 1472 2131 huius
1493 2106 1590 2139 oppidi
1610 2106 1717 2139 origine
1737 2105 1848 2131 disserit
1861 2104 2090 2139 (wClaudiopolis,

198 2160 280 2184 quam
302 2151 399 2178 eduxit
419 2151 556 2178 coloniam
577 2151 709 2178 Claudius
728 2151 868 2184 Caesam),
889 2159 921 2177 ex
941 2150 1033 2177 Taciti
1053 2151 1131 2176 libris
1151 2150 1417 2176 commemoraverit.
1432 2164 1463 2169 —
1478 2148 1501 2182 2)
1522 2150 1621 2176 Confer
1643 2150 1692 2176 Dio
1712 2150 1754 2175 63.
1775 2149 1824 2180 173
1844 2149 1908 2175 Tac.
1927 2149 1992 2174 hist.
2012 2149 2038 2181 2,
2057 2149 2091 2174 76

196 2205 246 2222 nan
261 2196 366 2222 excidit
380 2195 537 2222 trucidatus
556 2195 708 2222 Corbulo?‹<
731 2196 794 2222 Tac.
815 2195 879 2221 ann.
900 2196 940 2222 11.
960 2195 993 2221 18
1015 2195 1150 2221 »Corbulo
1171 2204 1272 2228 magna
1291 2203 1353 2221 cum
1374 2203 1439 2221 cura
1458 2197 1486 2220 et
1505 2203 1567 2221 mox
1586 2194 1699 2228 gloriam
1739 2194 1887 2220 Suetonius
1906 2194 2090 2220 Corbulonem

196 2240 279 2273 plane
290 2240 402 2266 silentio
413 2240 556 2273 praeterit.
595 2240 634 2265 Cf.
645 2241 709 2266 Tac.
722 2248 787 2267 ann.
800 2240 841 2271 14,
863 2239 903 2266 15.
922 2248 977 2272 quo
988 2239 1048 2265 loco
1059 2239 1093 2264 de
1104 2239 1214 2265 Nerone
1225 2239 1346 2271 legitur:
1378 2247 1443 2265 »nec
1454 2239 1512 2264 ulla
1531 2238 1653 2264 moribus
1674 2237 1740 2264 olim
1760 2238 1897 2271 corruptis
1916 2238 1979 2271 plus
1998 2237 2092 2264 libidi-

197 2294 262 2310 num
282 2284 475 2314 circumdedit,
495 2292 577 2316 quam
598 2284 675 2310 illa
694 2284 923 2310 colluviesm
946 2296 975 2302 -—
998 2281 1022 2313 3)
1043 2283 1082 2310 Cf.
1102 2283 1177 2309 Oros.
1197 2284 1221 2315 7,
1241 2284 1273 2310 9:
1294 2284 1369 2317 Sulp.
1390 2284 1449 2309 Sev.
1470 2283 1569 2309 Chron.
1589 2283 1613 2314 2,
1633 2283 1673 2308 30.
1688 2296 1721 2300 -
1734 2280 1760 2314 4)
1780 2282 1819 2308 Cf.
1840 2282 1891 2308 Dio
1911 2282 1952 2314 67,
1971 2282 2001 2307 2:
2024 2281 2092 2307 »Kal

197 2324 240 2353 1510?
264 2326 353 2360 τοῖτο,
381 2329 469 2361 καίπερ
496 2329 536 2353 καὶ
556 2324 642 2358 αι”τός
672 2324 788 2362 'Eapivov
812 2324 882 2358 7τινός
900 2323 1029 2362 εὐνούχου
1048 2326 1120 2361 ἐρᾶν,
1149 2323 1226 2362 ὅμως,
1252 2323 1335 2361 ἐπί-’δή
1360 2328 1400 2351 καὶ
1425 2323 1440 2350 d
1462 2328 1540 2357 Τίτος
1558 2324 1677 2361 myron-{g
1698 2327 1753 2360 περὶ
1773 2322 1836 2356 -rmig
1855 2326 1977 2361 ἐκτομίας
1998 2328 2090 2350 ἐσπου-

197 2369 272 2404 δάκει,
304 2369 477 2407 ἀπ’,γόᾳετ-όεν
495 2373 535 2397 ἐπὶ
554 2374 647 2397 ,immor
666 2368 748 2408 isso-u.
768 2373 863 2408 μηιῗέτα
892 2375 928 2397 ἔῃ
955 2374 981 2396 ἐπ’
1005 2371 1038 2408 τῇ
1064 2370 1117 2396 -Τῶτ
1142 2368 1270 2406 Ῥωμαίων
1295 2368 1367 2407 crox}
1392 2373 1586 2407 swre'gn'z-dffwfl
1645 2370 1747 2396 Verum
1780 2369 1928 2396 Suetonius
1960 2370 2037 2396 Dom.
2075 2370 2091 2395 7

197 2416 268 2442 hauc
288 2426 343 2442 rem
364 2417 460 2450 paucis
479 2417 520 2443 ita
538 2416 674 2443 absolvit:
710 2417 841 2442 »castrari
871 2425 959 2442 mares
983 2416 1097 2442 vetuit<x
1125 2430 1159 2434 —
1179 2415 1199 2447 5)
1219 2416 1257 2442 Cf.
1287 2418 1350 2449 Agr.
1371 2418 1416 2442 41:
1453 2410 1665 2447 »(D0mitianusl'
1691 2414 1814 2441 infensus
1840 2414 1992 2440 virtutibus
2017 2413 2094 2448 priu-

199 2468 286 2493 ceps.»
318 2476 348 2478 -
378 2460 400 2492 6)
421 2461 455 2486 W
468 2461 586 2487 oelffl
599 2461 606 2486 i
619 2470 652 2486 n.
685 2460 782 2486 Rhein.
805 2461 872 2486 Mus.
893 2459 935 2492 29,
955 2460 1014 2486 2302.
