2197 2958
133 357 231 385 μασιν
264 346 464 389 ἀμφοτέροις
488 349 686 387 παρίσταντο
711 346 766 386 ορ-

134 401 191 439 μαὶ
222 400 343 438 πολλαί,
377 399 420 435 ὠς
452 403 496 435 εἰς
525 398 626 430 ταύτὸ
656 400 768 431 συνελ-

138 456 222 484 θεῖν·
270 453 324 484 καὶ
372 450 515 491 μάλιστα
553 454 608 491 μὲν
647 453 770 488 αὐτοὺς

135 505 426 548 ὁμοφρονήσαντας
449 508 484 536 εκ
515 506 579 536 τῶν
602 505 770 546 παρόντων

137 559 333 598 η’γεμονικῶνιν
367 559 503 589 ἑλέσθαι
532 558 589 589 τὸν
624 557 768 599 ἄριστον,

135 615 164 642 εί
187 613 220 643 ὔὲ
237 614 287 649 μ’),
314 611 370 648 τὴν
387 612 568 650 σύγκλητον
584 611 666 650 ὁμοῦ
682 613 770 643 καθ-

140 670 276 700 ίσαντας
299 668 422 706 Asperum
446 663 501 702 τὴν
525 664 644 705 αἳρεσιν
668 668 770 705 ε’κειῖινῃ

136 718 194 749 τοῦ
209 715 462 758 αὐτοκράτορος.
488 718 568 748 Καὶ
582 717 627 748 οὐ
637 729 657 748 κ
670 716 769 748 ἄπει-

135 768 203 805 κός
241 773 363 806 ἐστιν,
404 771 640 809 μηθετὲρου
679 769 770 801 τότε

700 834 769 854 αυ-

135 824 207 854 τῶἰ’
251 826 653 863 προσαγορευομένων

135 875 334 916 τοκρατόρ
346 888 398 908 mv
449 875 770 915 εὐδοκιμοῦντος

134 932 373 961 ἐπιπίπτειν
409 928 614 965 τοιούτους
642 930 770 960 διαλο-

134 983 299 1022 γισμοὺς
323 987 404 1017 τοῖς
419 985 592 1021 γνησίοις
609 983 671 1013 καὶ
688 983 769 1013 δια-

135 1035 281 1071 πόνοις
311 1037 380 1066 καὶ
410 1036 673 1076 σωφρονοῦσι
698 1036 771 1066 τῶν

137 1089 404 1129 στρατιωτῶν,
429 1088 476 1124 οἱς
501 1090 690 1126 ἔχθιστον
715 1091 772 1125 εἴη
819 1085 820 1096 ³

135 1144 201 1172 καὶ
228 1138 377 1178 δεινόν,
403 1137 424 1172 ἂ
449 1140 565 1172 παλαι
589 1140 650 1172 διὰ
674 1138 772 1172 Συλ-

136 1196 206 1225 λαπν
223 1196 287 1225 καὶ
306 1193 466 1235 Mcsjpcov,
485 1193 569 1225 εἶτα
586 1194 771 1234 Καίσαρα

138 1248 204 1277 καὶ
249 1245 473 1285 Πομπήιον
514 1246 771 1287 ᾠκτείροντο

136 1301 322 1340 δρῶντες
352 1298 564 1337 ἀλλήλους
601 1301 668 1330 καὶ
697 1299 770 1331 πά-

820 1337 822 1347 V

138 1363 311 1389 σχοντες
329 1355 365 1384 οἱ
388 1354 566 1389 πολῖται,
591 1354 698 1384 ταῦτα
715 1354 773 1383 νῦν
820 1389 822 1394 A

138 1406 302 1443 Δὑπομένειν
330 1403 349 1442 ἢ
381 1405 550 1446 Οὐιτελλίῳ
578 1407 772 1445 λαιμαργίας

141 1461 195 1489 καὶ
241 1460 448 1501 οἰνοφλυγίας
492 1456 509 1495 ἢ
555 1459 681 1500 τρυφῆς
719 1460 771 1490 καὶ

138 1510 319 1547 α’κολασίας
352 1510 472 1543 Ὄθωνι
510 1512 566 1549 τὴν
601 1511 772 1550 ἠγεμονίαν

142 1564 310 1605 χορήγημα
328 1567 560 1605 προθεμένους.

1076 242 1096 273 4

875 347 977 388 legere
1012 350 1246 388 imperatorem,
1282 350 1376 388 atque
1411 357 1447 379 eo
1483 349 1575 380 duces
1600 349 1798 381 Othonianos
1834 351 1970 391 spatium
1999 361 2033 381 ac

876 410 979 432 moras
1015 401 1164 435 suasisse,
1206 401 1371 441 praecipua
1414 411 1468 441 spe
1511 401 1649 439 Paulini,
1685 402 1767 443 quod
1802 402 2034 434 vetustissimus

876 454 1088 484 consularium
1124 455 1156 484 et
1194 453 1307 483 militia
1341 453 1442 484 clarus
1471 454 1602 494 gloriam
1638 464 1818 495 nomenque
1843 454 2036 486 Britannicis

877 506 1128 546 expeditionibus
1166 506 1342 537 meruisset.
1406 505 1482 547 Ego
1520 510 1559 536 ut
1597 507 1890 544 concesserim,
1930 508 2033 548 apud

878 568 1027 600 paucos
1052 559 1174 589 tacito
1202 561 1292 589 voto
1316 559 1497 599 quietem
1526 568 1594 599 pro
1626 559 1854 595 discordia,
1887 560 2033 591 bonum

879 615 917 642 et
942 613 1197 642 innocentem
1226 611 1449 652 prlincipem
1479 622 1550 652 pro
1574 612 1763 652 pessimis
1792 615 1828 643 et
1852 613 2034 653 flagitio-

887 666 1055 696 sissimis
1081 665 1318 704 expetitum,
1354 665 1398 694 ita
1434 674 1535 705 neque
1558 663 1736 701 Paulinum,
1772 674 1834 705 qua
1866 665 2037 706 prudentia

880 718 948 754 fuit,
975 727 1126 758 sperasse,
1145 717 1381 757 corruptissimo
1398 717 1520 747 saeculo
1537 720 1660 747 tantam
1678 717 1763 758 vulgi
1785 718 2033 749 moderationem

880 782 957 805 reor,
981 774 1026 806 ut,
1052 771 1105 810 qui
1129 780 1237 810 pacem
1262 769 1336 800 belli
1360 780 1465 800 amore
1488 770 1703 806 turbaverant,
1733 770 1851 800 bellum
1875 771 1961 810 pacis
1985 781 2034 801 ca-

878 825 971 854 ritate
1002 824 1205 864 deponerent,
1250 832 1351 862 neque
1387 826 1441 853 aut
1482 824 1636 853 exercitus
1676 821 1792 863 linguis
1834 823 2035 864 moribusque

879 876 1022 906 dissonos
1046 876 1078 906 in
1103 875 1187 905 hunc
1216 885 1401 906 consensum
1431 876 1570 916 potuisse
1604 875 1785 912 coalescere,
1822 878 1879 906 aut
1913 876 2035 916 legatos

879 939 914 959 ac
939 929 1031 959 (luces
1057 938 1172 968 magna
1196 938 1233 958 ex
1257 932 1346 968 parte
1370 928 1470 964 luxus,
1500 929 1661 968 egestatis,
1693 928 1844 958 scelerum
1874 927 1932 959 sibi
1961 938 2036 959 con-

879 984 958 1013 scios
984 982 1043 1011 nisi
1068 979 1223 1021 pollutum
1250 979 1500 1021 obstrictumque
1533 981 1653 1011 meritis
1678 982 1742 1012 suis
1766 982 1942 1022 principem
1965 992 2037 1021 pas·

1023 1032 1108 1075 (cap.
1133 1033 1206 1073 38):
1236 1032 1335 1064 Vetus
1359 1044 1394 1063 ac
1419 1034 1483 1063 iam
1507 1033 1627 1074 pridem
1652 1033 1746 1064 insita
1770 1034 1957 1064 mortalibus
1981 1044 2037 1074 po-

878 1088 996 1118 tentiae
1031 1086 1142 1126 cupido
1180 1096 1248 1116 cuni
1285 1087 1408 1126 imperii
1445 1085 1664 1126 magnitudine
1692 1086 1833 1116 adolevit
1857 1087 2037 1127 erupitque:

882 1151 957 1172 nam
974 1141 1064 1171 rebus
1082 1140 1211 1170 modicis
1229 1139 1402 1180 aequalitas
1420 1140 1510 1170 facile
1526 1139 1710 1170 habebatur.
1760 1139 1820 1170 Sed
1838 1139 1890 1169 ubi
1907 1138 2037 1170 subacto

879 1195 952 1225 orbe
978 1195 1008 1223 et
1033 1193 1163 1223 aemulis
1197 1193 1329 1223 urbibus
1353 1193 1519 1232 regibusve
1550 1193 1678 1223 excissis
1710 1202 1838 1223 securas
1862 1203 1937 1232 opes
1961 1202 2036 1222 con-

879 1248 1036 1288 cupiscere
1061 1255 1193 1276 vacuum
1216 1245 1287 1282 fuit,
1312 1246 1412 1285 prima
1435 1246 1518 1275 inter
1538 1249 1642 1285 patres
1659 1244 1845 1285 plebemque
1862 1244 2037 1275 certamina

879 1310 1030 1331 exarsere.
1082 1298 1176 1329 Modo
1200 1297 1374 1328 turbulenti
1400 1298 1528 1334 tribuni,
1561 1297 1652 1328 modo
1683 1297 1826 1328 consules
1854 1296 2038 1338 praevalidi,

881 1355 912 1383 et
946 1353 977 1383 in
1014 1352 1089 1382 urbe
1124 1362 1158 1381 ac
1194 1351 1262 1381 foro
1286 1353 1517 1391 temptamenta
1540 1349 1677 1380 civilium
1702 1349 1875 1386 bellorum,
1915 1360 1999 1392 mox
2023 1361 2039 1380 e

880 1406 996 1447 plebe
1021 1404 1156 1435 intima
1181 1403 1214 1436 C.
1239 1403 1389 1434 Marius
1419 1407 1457 1434 et
1481 1403 1678 1434 nobilium
1711 1403 1977 1433 saevissimus
2002 1402 2038 1435 L.

882 1457 997 1490 Sulla
1035 1458 1179 1487 victam
1217 1457 1342 1486 armis
1377 1455 1601 1486 libertatem
1637 1456 1678 1485 in
1714 1455 2039 1486 dominationem

884 1514 1107 1542 verterunt.
1155 1509 1251 1540 Post
1280 1519 1378 1550 quos
1407 1508 1467 1540 Cn.
1492 1507 1706 1549 Pompeius
1734 1508 1943 1539 occultior
1971 1519 2041 1539 nec

882 1565 1030 1600 melior,
1057 1567 1094 1593 et
1118 1573 1324 1602 numquam
1350 1565 1489 1602 postea
1513 1562 1590 1591 nisi
1615 1561 1656 1591 de
1681 1562 1917 1601 principatu
1935 1571 2042 1601 quae-

882 1618 1009 1648 situm.
1068 1615 1156 1646 Non
1196 1615 1423 1646 discessere
1457 1614 1500 1644 ab
1536 1615 1654 1644 armis
1690 1614 1731 1644 in
1756 1613 1978 1644 Pharsalia
2001 1624 2044 1645 ac

882 1669 1083 1710 Philippis
1112 1669 1250 1699 civium
1276 1667 1465 1707 legiones,
1496 1667 1626 1698 nedum
1652 1665 1828 1697 Othonis
1860 1677 1899 1697 ac
1924 1665 2044 1697 Vitel-

880 1721 925 1754 lii
950 1722 1153 1753 exercitus
1183 1727 1321 1761 sponte
1349 1721 1520 1761 posituri
1548 1719 1688 1750 bellum
1723 1720 1892 1750 fuerint:
1935 1720 2042 1750 eadem

886 1777 956 1807 illos
980 1776 1070 1805 deum
1088 1775 1144 1811 ira,
1170 1774 1277 1804 eadem
1294 1773 1459 1804 hominum
1476 1773 1586 1809 rabies,
1612 1773 1737 1803 eaedem
1762 1772 1914 1803 scelerum
1932 1783 2043 1802 causae

886 1830 917 1859 in
944 1827 1098 1858 discordia
1122 1837 1221 1867 egere.
1271 1826 1359 1862 Quod
1384 1826 1517 1866 singulis
1541 1825 1626 1855 velut
1649 1824 1762 1856 ictibus
1787 1827 1946 1855 transacta
1970 1829 2043 1855 sunt

885 1881 977 1917 bella,
1010 1879 1136 1920 ignavia
1167 1879 1344 1920 principum
1378 1879 1497 1909 factum
1526 1882 1582 1909 est.
1630 1877 1689 1908 Sed
1716 1888 1765 1908 me
1791 1881 1928 1907 veterum
1947 1887 2045 1908 novo-

888 1944 1020 1973 rumque
1057 1943 1177 1963 morum
1202 1932 1360 1972 reputatio
1383 1931 1509 1972 longius
1533 1931 1625 1961 tulit:
1664 1941 1747 1961 nunc
1768 1924 1809 1960 'ad
1834 1939 1936 1960 rerum
1961 1930 2044 1960 ordi-

884 1996 956 2017 nem
980 1986 1083 2017 redeo.

879 1044 977 1065 Suros.

302 2041 458 2073 Nimirum
485 2042 612 2072 Tacitus
637 2041 783 2078 Marium,
807 2039 945 2076 Sullam,
987 2038 1187 2078 Pompeium,
1228 2037 1347 2077 proelia
1379 2037 1460 2078 apud
1486 2035 1670 2067 Pharsalum
1703 2039 1734 2065 et
1766 2034 1929 2076 Philippos
1960 2046 2045 2066 com-

143 2098 305 2133 memorat,
331 2106 395 2126 non
420 2096 503 2136 quod
529 2106 564 2125 ea
590 2096 622 2125 in
641 2094 784 2125 fontibus
808 2094 872 2125 suis
897 2092 995 2123 relata
1019 2091 1184 2127 invenerit,
1209 2091 1262 2120 sed
1286 2090 1368 2130 quod
1393 2100 1448 2119 sua
1471 2089 1508 2119 de
1533 2088 1745 2119 Romanorum
1771 2087 1990 2128 magnitudine
2014 2091 2045 2118 et

144 2150 268 2190 imperii
293 2149 439 2190 cupidine
462 2147 663 2189 reputatione
675 2145 698 2185 1)
724 2147 762 2178 ad
786 2145 976 2178 conferenda
999 2143 1136 2175 Othonis
1161 2146 1255 2183 atque
1280 2142 1400 2174 Vitellii
1434 2144 1466 2172 et
1495 2142 1620 2172 illorum
1646 2142 1869 2181 imperatorum
1903 2144 2045 2181 tempora

143 2202 297 2232 adductus
321 2204 379 2233 est.
427 2199 506 2231 Cum
531 2202 637 2231 autem
655 2197 845 2231 Plutarchus
869 2198 977 2229 eadem
1003 2197 1067 2227 iere
1092 2196 1234 2237 exempla
1258 2197 1303 2226 ita
1327 2196 1475 2236 proferat,
1501 2196 1536 2224 ut
1560 2194 1676 2224 milites
1700 2193 1868 2234 utriusque
1892 2192 2046 2224 exercitus

143 2254 355 2285 deliberantes
390 2254 486 2284 faciat
512 2253 692 2290 {cavendum
723 2263 800 2289 esse,
825 2262 874 2282 110·
897 2262 942 2288 ea,
977 2260 1056 2290 quae
1085 2250 1167 2280 cives
1199 2260 1216 2279 a
1241 2248 1337 2286 Sulla,
1369 2247 1478 2284 Mario,
1507 2246 1648 2281 Caesare,
1685 2246 1836 2287 Pompeio
1859 2247 1944 2286 passi
1969 2246 2044 2281 sint,

144 2307 241 2337 etiam
267 2306 305 2336 ab
322 2305 448 2337 Othone
472 2308 503 2336 et
521 2304 651 2336 Vitellio
675 2306 849 2346 patiantur,
874 2304 927 2345 qui
952 2304 1019 2334 sine
1044 2306 1246 2343 praesumpta
1270 2301 1417 2342 opinione
1434 2311 1506 2331 vera
1521 2300 1661 2339 falsaque
1678 2299 1864 2340 perpendat,
1890 2298 2044 2329 Graecum

143 2360 329 2400 scriptorem
353 2359 472 2389 verbis:
500 2359 573 2388 »καὶ
599 2356 660 2388 οὐκ
683 2355 812 2392 ἅπεικός
836 2359 919 2388 eon«
947 2367 973 2388 e.
997 2366 1027 2396 q.
1051 2365 1076 2387 s.
1122 2353 1321 2386 Taciteorum
1345 2354 1511 2384 verborum
1528 2363 1553 2384 c.
1571 2353 1628 2384 37:
1655 2363 1732 2393 »ego
1758 2356 1792 2382 ut
1816 2352 2042 2382 concesserim«

143 2423 170 2443 e.
196 2423 226 2452 q.
251 2422 276 2444 s.
300 2422 370 2442 cum
407 2411 560 2452 exemplis
589 2411 651 2442 illis
683 2422 719 2442 ex
750 2412 853 2450 eapite
886 2410 925 2440 38
951 2409 1073 2439 haustis
1096 2409 1334 2438 coniunctorum
1359 2407 1542 2437 memoriam
1566 2405 1695 2445 prodere
1720 2403 1811 2435 facile
1835 2405 1894 2435 sibi
1919 2414 2044 2445 persua-

147 2464 244 2496 debit.
292 2464 432 2501 Accedit,
458 2464 541 2504 quod
566 2463 667 2494 Taciti
693 2466 786 2503 caput
811 2463 850 2494 38
879 2473 943 2493 11011
974 2472 1011 2492 011
1035 2461 1187 2500 scriptore
1218 2471 1319 2490 rerum
1350 2459 1407 2490 sub
1436 2458 1677 2499 imperatoribus
1704 2457 1854 2488 Romanis
1885 2460 2044 2498 gestarum

146 2517 283 2554 fluxisse,
310 2517 363 2547 sed
380 2516 478 2547 verba
495 2515 638 2547 Sallustii
656 2515 809 2547 Catilinae
833 2525 900 2555 cap.
918 2514 1026 2546 6-14
1044 2515 1160 2544 imitari
1170 2511 1198 2553 2)
1223 2524 1286 2544 non
1312 2513 1404 2544 modo
1428 2522 1530 2542 rerum
1555 2511 1662 2541 ordine
1687 2511 1740 2541 sed
1765 2510 1859 2541 etiam
1886 2509 2047 2540 nonnullis

307 2585 328 2619 ¹)
349 2588 463 2614 Confer:
498 2587 566 2613 »Sed
586 2594 629 2612 me
658 2588 787 2613 veterum
816 2592 1006 2618 novorumque
1027 2593 1135 2610 morum
1155 2583 1296 2617 reputatio
1325 2582 1435 2616 longius
1463 2581 1541 2608 tulit:
1574 2589 1646 2607 nunc
1666 2581 1702 2607 ad
1721 2581 1864 2614 inceptum
1884 2579 1990 2606 redeo«
2014 2592 2046 2597 —-

143 2628 165 2663 2)
186 2631 285 2658 Confer
306 2631 407 2658 Heraei
427 2630 641 2657 adnotationem
662 2630 697 2656 ad
718 2638 780 2664 cap.
800 2627 845 2656 37.
