2197 2958
114 961 366 1024 Quomodo
421 959 637 1022 Tacitus
691 955 1024 1012 historiarum
1063 953 1294 1021 scriptor,
1364 950 1415 1004 in
1465 946 1730 1003 hominum
1780 942 2026 999 memoria

149 1046 383 1099 versatus
421 1041 487 1096 sit
522 1054 684 1107 usque
723 1036 786 1092 ad
822 1037 1143 1091 renascentes
1180 1032 1356 1086 literas
1400 1027 1616 1084 saeculis
1653 1023 1783 1081 XIV.
1825 1026 1873 1078 et
1902 1021 2007 1078 XV.

291 1254 462 1296 Cornelius
487 1262 626 1298 Tacitus,
651 1260 855 1291 historiarum
881 1258 1026 1297 scriptor,
1053 1255 1193 1285 futurum
1219 1262 1285 1283 esse
1308 1251 1485 1282 laetissima
1511 1260 1565 1289 spe
1590 1247 1761 1282 ferebatur,
1793 1248 1826 1276 ut
1852 1253 1948 1285 opera
1974 1254 2029 1274 sua

121 1320 305 1350 »manerent
320 1325 532 1356 mansuraque
549 1317 654 1345 essent
671 1314 701 1344 in
728 1313 842 1343 animis
860 1311 1043 1342 hominum«
1058 1307 1082 1347 ¹)
1108 1306 1255 1347 idemque
1276 1305 1313 1336 de
1331 1315 1367 1335 eo
1384 1303 1600 1344 augurabatur
1617 1300 1767 1340 aequalis,
1786 1298 1907 1329 Plinius
1927 1298 2030 1327 minor

118 1370 281 1413 amicus.2)
329 1370 420 1401 Hanc
443 1368 712 1409 exspectationem
740 1376 802 1396 non
828 1376 894 1395 esse
918 1364 1093 1403 deceptam„
1118 1371 1226 1391 verum
1251 1369 1315 1389 non
1341 1357 1433 1398 plane
1458 1356 1611 1391 evenisse,
1639 1364 1675 1384 ex
1700 1363 1736 1383 eo
1754 1352 1954 1392 perspicuum
1972 1356 2028 1385 est,

118 1426 202 1468 quod
226 1425 299 1455 libri
324 1424 389 1455 eius
413 1423 509 1454 etiam
533 1431 617 1452 nunc
640 1421 673 1451 in
698 1420 839 1450 omnium
869 1419 1007 1448 virorum
1035 1415 1201 1446 doctorum
1233 1411 1379 1443 manibus
1408 1411 1582 1445 versantur,
1612 1407 1665 1437 sed
1697 1416 1760 1436 non
1796 1415 1905 1435 omnes
1939 1403 2030 1434 nobis

119 1479 221 1510 relicti
239 1481 322 1510 sunt.
369 1475 453 1507 Satis
470 1476 553 1506 enim
570 1476 706 1508 constat,
732 1471 880 1503 Tacitum
898 1481 961 1501 non
979 1469 1072 1500 modo
1090 1466 1252 1506 scriptoris
1270 1474 1400 1495 munere
1418 1462 1563 1493 functum
1581 1470 1660 1497 esse,
1686 1459 1739 1489 sed
1758 1457 1853 1488 etiam
1871 1457 2030 1487 orationes

120 1532 185 1562 sive
210 1530 359 1561 habuisse
382 1530 448 1560 sive
473 1525 637 1565 edidisse3)
663 1526 893 1564 rhetoricisque
918 1522 1031 1554 studiis
1056 1521 1154 1552 fuisse
1178 1516 1364 1558 deditum.4)
1412 1516 1515 1546 Huius
1540 1516 1645 1544 antem
1663 1512 1789 1554 generis
1806 1511 1923 1551 scripta
1940 1508 2033 1550 plane

120 1585 282 1626 perierunt
309 1585 432 1624 praeter
461 1581 621 1622 dialogum
654 1580 691 1609 de
714 1578 904 1613 oratoribus,
935 1577 1021 1607 cuius
1055 1575 1150 1605 etiam
1180 1574 1278 1612 ipsius
1312 1580 1429 1612 magna
1458 1578 1533 1609 pars
1558 1567 1680 1598 lacunis
1706 1565 1820 1596 hausta
1845 1566 1902 1596 est.
1949 1562 2031 1599 Quin

121 1639 216 1668 etiam
248 1648 286 1667 ex
309 1635 456 1677 operibus
480 1634 517 1665 ad
542 1644 590 1664 res
622 1632 792 1663 narrandas
824 1629 1072 1671 pertinentibus,
1101 1637 1180 1668 quae
1211 1626 1311 1656 fatum
1342 1623 1448 1654 omnia
1480 1621 1571 1652 nobis
1600 1629 1776 1650 reservasse
1806 1617 1942 1653 videtur,
1975 1612 2033 1646 soli

121 1690 218 1722 libelli
253 1691 291 1721 de
316 1690 380 1720 vita
407 1687 572 1729 Agricolae
597 1689 628 1717 et
651 1686 689 1717 de
706 1685 894 1717 Germaniae
918 1683 980 1713 situ
1004 1681 1122 1721 integri
1147 1680 1185 1710 ad
1211 1681 1351 1709 nostram
1378 1675 1562 1706 memoriam
1580 1675 1803 1714 pervenerunt,
1828 1669 2033 1700 historiarum

121 1747 272 1785 quattuor
298 1743 392 1783 primi
421 1745 452 1772 et
480 1751 552 1781 pars
583 1740 696 1781 quinti,
725 1737 948 1777 annaliumque
977 1735 1050 1765 libri
1082 1732 1172 1764 1-6
1198 1735 1229 1762 et
1256 1730 1407 1766 11—-16,
1438 1738 1539 1769 neque
1568 1726 1600 1757 hi
1638 1724 1765 1765 quidem
1795 1724 1896 1765 pleni,
1930 1722 2034 1753 adhuc

119 1799 255 1829 exstant.
301 1794 396 1826 Cuius
420 1795 464 1825 rei
489 1804 614 1825 causam
638 1801 820 1832 cognoscas,
846 1791 871 1821 si
895 1788 1089 1823 memineris,
1120 1797 1214 1827 quam
1239 1784 1343 1815 Taciti
1372 1782 1444 1813 libri
1473 1780 1617 1811 difficiles
1652 1780 1718 1809 sint
1742 1776 1918 1812 intellectu,
1951 1775 2034 1806 unde

119 1851 264 1882 homines
290 1849 391 1885 facile,
415 1849 584 1889 quominus
608 1847 693 1876 totos
716 1845 898 1885 integrosve
922 1851 976 1872 eos
999 1840 1198 1881 perlegerent
1228 1836 1497 1878 perscriberentve
1527 1832 1779 1864 deterrebantur.
1833 1829 1893 1860 Sed
1935 1838 2031 1869 opera

122 1902 285 1934 ssarissimi
309 1901 472 1943 scriptoris
497 1910 561 1931 non
585 1909 712 1940 prorsus
736 1900 809 1938 post
840 1898 906 1927 eius
939 1894 1060 1926 obitum
1085 1893 1216 1923 latuisse
1240 1892 1302 1921 iam
1328 1889 1474 1920 Ritterus
1499 1891 1530 1918 et
1554 1885 1698 1916 Haaseus
1724 1885 1757 1914 in
1782 1881 2035 1924 praefationibus

120 1956 160 1988 ad
185 1956 288 1987 Taciti
317 1964 414 1996 opera
443 1953 559 1994 aliique
592 1952 650 1983 viri
678 1950 763 1982 docti
794 1951 997 1981 monuerunt.
1044 1945 1164 1983 Quodsi
1194 1943 1295 1974 nihilo
1328 1942 1431 1973 minus
1458 1941 1552 1971 huius
1581 1938 1747 1979 scriptoris
1780 1936 1925 1975 vestigia,
1956 1944 2035 1974 quae

121 2010 213 2041 nobis
236 2012 380 2050 tempora
403 2007 593 2038 intereuntis
617 2004 742 2046 imperii
766 2003 903 2034 Romani
928 2005 959 2032 et
983 2000 1119 2032 medium
1144 2009 1253 2029 aevum
1280 2006 1379 2037 usque
1403 1995 1441 2025 ad
1473 1997 1673 2024 renascentes
1700 1991 1808 2021 literas
1826 1989 2035 2029 reliquerunt,

123 2064 224 2094 denuo
248 2061 394 2103 persequi
421 2060 529 2094 audeo,
561 2059 630 2089 ideo
658 2058 743 2088 hunc
774 2056 912 2087 laborem
944 2055 1075 2094 suscepi.
1111 2052 1194 2093 quod
1227 2049 1384 2081 nonnulla
1415 2050 1602 2088 argumenta
1631 2045 1790 2076 invenisse
1816 2042 1893 2072 mihi
1918 2040 2034 2075 videor.

123 2125 203 2158 quae
229 2116 413 2146 memoriam
437 2112 542 2144 Taciti
566 2123 630 2143 non
653 2115 721 2142 tam
750 2112 894 2140 »tenuem
918 2111 952 2138 et
976 2117 1139 2137 mancam«
1172 2105 1277 2137 fuisse,
1310 2112 1406 2144 quam
1432 2100 1573 2131 Haaseus
1598 2098 1619 2130 1.
1647 2099 1668 2131 l.
1694 2110 1723 2139 p.
1749 2096 1836 2127 XIV.
1863 2093 2037 2129 contendit,

124 2170 247 2210 possint
271 2168 389 2205 docere,
413 2165 568 2208 (quamvis
591 2165 695 2195 fontes
721 2174 784 2207 non
809 2165 874 2193 tam
899 2160 1024 2191 abunde
1056 2159 1167 2197 fluant,
1202 2168 1296 2199 quam
1325 2157 1369 2186 eis
1400 2154 1541 2195 optabile
1571 2155 1628 2188 est,
1664 2152 1716 2191 qui
1751 2149 1911 2191 praeclara
1943 2147 2036 2178 huius

124 2233 225 2253 rerum
250 2221 410 2262 scriptoris
435 2228 532 2261 opera
555 2218 755 2249 admirantur
778 2217 873 2256 atque
900 2213 1111 2244 aemulantur.

281 2272 354 2305 Jam
377 2274 480 2314 primo
504 2275 576 2313 post
593 2270 699 2302 Taciti
724 2271 857 2300 mortem
881 2267 1007 2298 saeculo
1032 2265 1130 2296 libros
1156 2265 1222 2295 eius
1244 2273 1307 2294 non
1324 2262 1419 2303 plane
1439 2260 1599 2291 oblivione
1617 2258 1714 2289 fuisse
1733 2257 1863 2287 obrutos
1881 2256 1912 2284 et
1930 2253 2037 2284 Latini

126 2331 157 2360 et
180 2328 291 2360 Graeci
331 2327 564 2357 Antoninorum
598 2328 778 2364 temporum
814 2321 983 2361 scriptores
1026 2329 1083 2349 nos
1119 2318 1287 2349 docebunt.
1345 2314 1428 2346 Nam
1466 2313 1670 2344 historiarum
1707 2309 1833 2349 quidem
1871 2307 2039 2346 scriptores

285 2433 307 2466 ¹)
326 2434 408 2460 Tac.
428 2434 494 2466 Agr.
513 2434 555 2457 40.
577 2446 607 2450 -—
627 2429 651 2463 2)
671 2429 770 2457 Confer
797 2428 868 2454 Plin.
894 2435 936 2461 ep.
957 2427 981 2458 7,
1006 2426 1048 2452 33,
1080 2426 1090 2451 l
1123 2426 1268 2456 totamque
1299 2421 1421 2448 Plinii
1442 2419 1591 2453 epistulam
1613 2419 1636 2444 ἱ),
1657 2418 1699 2444 27.
1720 2416 1778 2441 sine
1799 2414 1886 2440 dubio
1908 2412 2036 2438 Tacitum

130 2479 300 2511 laudantem,
319 2477 446 2512 quamvis
465 2484 565 2503 nomen
586 2476 644 2502 eius
664 2483 717 2501 non
738 2474 774 2499 sit
793 2472 977 2505 adscriptum.
994 2484 1025 2489 —
1039 2468 1062 2501 3)
1083 2468 1174 2494 Plin.
1195 2476 1237 2501 ep.
1252 2468 1277 2498 2,
1297 2466 1337 2497 11,
1363 2466 1408 2495 17;
1429 2465 1453 2495 2,
1475 2464 1497 2490 l.
1518 2464 1541 2489 6.
1562 2475 1593 2480 —
1608 2461 1632 2494 ⁴)
1654 2461 1723 2486 Plin.
1745 2468 1786 2493 ep.
1808 2460 1831 2489 1,
1852 2458 1894 2483 20.
1937 2457 2035 2482 Verum

131 2523 232 2550 librum
251 2524 331 2550 illum
354 2521 549 2548 »facetiarum«
571 2529 587 2546 a
606 2518 756 2553 unigentio
776 2517 824 2546 (de
843 2517 929 2542 abstr.
950 2523 1059 2541 sermm.
1081 2523 1107 2547 p.
1129 2511 1227 2538 XXIV.
1248 2511 1290 2537 ed.
1312 2510 1426 2540 Lersch3
1456 2509 1490 2534 cf.
1520 2507 1557 2533 ib.
1586 2516 1612 2540 p.
1634 2506 1668 2532 72
1686 2509 1741 2537 sq.)
1772 2502 1919 2529 laudatum
1940 2501 2040 2526 'facito

131 2567 271 2595 abiudices
290 2567 383 2598 velim,
403 2565 535 2598 quoniam
556 2563 699 2590 Lerscbius
719 2563 746 2588 in
766 2561 839 2588 libro
859 2559 1002 2592 adscripto
1022 2558 1084 2583 luce
1105 2556 1205 2583 elarius
1225 2554 1405 2588 Fulgentium
1429 2551 1619 2578 fraudatorem
1641 2549 1724 2575 fuisse
1746 2545 1958 2573 demonstravit,

1828 2604 1839 2631 l
