2197 2958
1086 253 1105 282 2

144 360 325 395 Suetonius,
358 358 554 395 Plutarchus,
587 358 712 389 Cassius
740 358 808 395 Dio,
840 359 893 399 qui
922 359 1145 398 imperatorum
1178 358 1393 389 Romanorum
1425 368 1474 389 res
1503 362 1609 399 gestas
1638 360 1807 390 memoriae
1835 359 2041 394 tradiderunt,

142 423 190 442 res
227 411 342 441 multas
379 422 395 441 e
419 411 529 441 Tacito
567 412 748 446 hauserunt,
788 410 898 441 Florus
926 414 959 440 et
991 410 1146 448 Justinus,
1181 411 1234 442 ille
1262 411 1327 442 Titi
1356 410 1435 448 Livi,
1472 412 1523 442 hic
1552 411 1651 452 Trogi
1679 411 1809 452 Pompei
1841 412 2040 452 epitomator,

144 464 308 495 verborum
333 475 424 495 usum
450 466 515 495 eius
541 465 656 494 imitati
682 467 764 494 sunt.
813 463 951 494 Primum
970 467 1073 494 autem
1092 463 1129 493 de
1146 463 1220 500 illis,
1244 473 1322 503 quos
1338 465 1443 503 priore
1460 464 1527 495 loco
1546 465 1636 505 posui
1654 464 1866 504 scriptoribus,
1891 465 2039 505 quoniam

144 517 301 557 quomodo
326 527 395 547 cum
422 517 534 547 Tacito
557 518 755 554 cohaereant,
780 527 842 546 non
867 517 944 547 satis
968 517 1195 556 investigatum
1220 521 1277 553 est,
1302 517 1401 546 fusius
1425 517 1576 548 disserere
1600 517 1677 547 mihi
1702 517 1862 557 proposui.

301 577 450 617 Magnam
476 578 601 619 quidem
627 579 709 608 inter
733 577 948 608 Plutarchi
982 578 1064 607 vitas
1088 575 1208 607 Galbae
1237 580 1267 607 et
1292 576 1426 608 Othonis
1449 583 1546 618 atque
1577 578 1679 608 Taciti
1711 578 1912 608 historiarum
1944 577 2041 608 libros

142 632 277 671 primuni
304 635 335 661 et
361 631 531 661 secundum
558 631 793 661 similitudinem
819 632 875 660 viri
901 631 985 660 docti
1013 630 1066 660 alii
1097 630 1160 660 alio
1195 629 1288 660 ruodo
1322 631 1524 671 interpretati
1557 633 1641 668 sunt,
1677 631 1709 661 hi
1740 631 1865 671 utrique
1895 630 2040 671 scriptori

143 694 236 713 unum
263 684 460 724 eundemque
484 683 604 714 fontem
632 682 868 721 vindicantes,¹)
893 682 938 713 illi
964 683 1109 713 Tacitum
1134 682 1295 713 Plutarchi
1319 686 1479 714 auctorem
1504 683 1601 714 fuisse
1623 681 1845 721 iudicantes.²)
1897 682 2039 724 Longum

144 737 201 772 est,
226 736 308 766 hanc
333 737 550 777 quaestionem
576 738 637 766 iam
663 747 811 776 persaepe
836 739 1002 766 tractatam
1027 735 1217 776 singillatim
1243 737 1398 776 persequi,
1423 736 1475 766 sed
1501 747 1556 766 cur
1572 736 1712 776 opinioni
1729 746 1845 770 eorum,
1868 737 1921 776 qui
1938 735 2041 766 Taciti

140 787 287 819 historias
317 788 488 819 Plutarcho
524 800 586 819 non
624 791 749 829 ignotas
786 789 882 819 fuisse
917 792 1046 829 putent,
1083 788 1242 827 accedam,
1278 788 1380 819 facere
1415 800 1478 819 non
1517 799 1655 829 possum,
1692 790 1767 829 quin
1804 798 1913 819 causas
1947 799 2041 828 quam

143 841 327 872 brevissime
350 842 499 882 aperiam.

301 893 373 925 Jam
391 894 524 935 primum
543 896 683 925 omnium
698 894 913 924 Mommseuus
928 893 1003 924 mihi
1022 905 1084 924 non
1102 894 1266 935 persuasit,
1286 894 1441 930 Tacitum,
1461 898 1569 925 tantae
1586 895 1667 934 apud
1684 894 1833 935 aequales
1846 894 2043 925 auctoritatis

142 947 338 987 scriptorem,
364 957 460 978 unum
477 948 673 988 eundemque
690 948 810 977 fontem
834 957 930 986 usque
954 948 992 977 ad
1018 948 1182 978 verborum
1206 957 1298 977 usum
1323 948 1516 988 exscripisse,
1544 947 1698 988 siquidem
1723 948 1789 987 ipse
1812 958 1845 977 se
1869 958 1931 977 non
1950 947 2042 978 modo

141 998 252 1030 Cluvio
278 999 372 1034 Rufo,
396 1010 489 1040 quem
515 1000 728 1031 Mommsenus
754 1001 914 1040 utriusque
939 1001 1101 1040 scriptoris
1125 1011 1222 1031 unum
1248 1000 1367 1030 fontem
1393 1000 1489 1030 fuisse
1521 1001 1678 1041 opinatur,
1711 1000 1765 1031 sed
1793 1001 1886 1031 etiam
1912 999 2043 1030 Mesalla

145 1055 175 1082 et
205 1051 309 1083 Plinio
342 1052 428 1091 (hist.
453 1054 483 1089 3,
508 1052 566 1093 28)
597 1057 630 1083 et
656 1053 725 1083 aliis
758 1052 899 1083 fontibus
929 1053 1016 1093 (hist.
1045 1053 1072 1090 1,
1097 1055 1155 1089 41;
1190 1053 1219 1088 2.
1245 1053 1305 1089 37;
1340 1053 1370 1089 3,
1394 1054 1448 1092 51)
1476 1064 1566 1083 usum
1595 1063 1662 1083 esse
1691 1051 1874 1093 testatur.³)
1921 1053 2043 1083 Tantus

143 1108 250 1135 autem
276 1106 358 1136 inter
383 1105 585 1136 Plutarchum
612 1110 643 1137 et
668 1105 813 1136 Tacitum
838 1117 1008 1136 consensus
1032 1116 1088 1136 nos
1113 1106 1213 1143 docet,
1238 1106 1321 1136 hunc
1344 1106 1383 1136 ab
1408 1106 1462 1136 illo
1488 1110 1523 1136 ut
1548 1116 1609 1136 non
1634 1106 1746 1142 solum,
1774 1107 1819 1136 ita
1843 1106 2041 1146 praecipuum

142 1162 267 1197 praeter
291 1159 370 1188 alios
395 1162 538 1189 auctores
563 1159 600 1189 ad
625 1170 673 1189 res
698 1159 869 1189 narrandas
893 1158 1070 1189 adhibitum
1096 1170 1172 1191 esse.
1220 1159 1280 1190 Sed
1306 1170 1344 1189 ne
1368 1160 1430 1189 iam
1455 1170 1472 1189 a
1498 1158 1700 1200 Nipperdeio,
1725 1157 1883 1196 Clasonio,
1907 1158 2044 1200 Langen.

144 1210 237 1241 Lezio
263 1211 342 1241 bene
366 1211 451 1241 dicta
475 1216 625 1252 repetam,
652 1212 804 1242 nonnulla
827 1212 864 1241 ad
889 1212 1138 1242 confirmandam
1163 1223 1269 1243 eorum
1295 1213 1477 1252 opinionem
1502 1212 1650 1242 adiciam:

305 1277 329 1307 E
353 1277 472 1308 Galbae
496 1278 621 1318 quidem
648 1279 712 1308 vita
737 1278 812 1308 haec
836 1278 979 1318 exempla
1002 1279 1214 1319 comparanda
1237 1279 1366 1318 collegi:

433 1343 516 1376 Plut.
541 1343 632 1375 Galb.
658 1345 698 1375 26

182 1402 307 1441 ’Ήμυνε
323 1405 357 1435 δὲ
374 1403 480 1440 οὐδεὶς
496 1404 573 1436 οὐδὲ
596 1404 713 1442 ’ὑπέστη
737 1406 815 1442 πλὴν
837 1404 907 1440 ἑνὸς
924 1405 985 1435 αν-

140 1455 227 1496 ὖρός,
251 1453 297 1488 ὃν
320 1469 343 1496 μ
355 1456 418 1489 όνο
429 1470 447 1488 ν
463 1456 576 1495 ἣλιος
598 1460 742 1489 &neme-v
766 1462 806 1489 ἐν
829 1456 985 1498 μυριάσι

142 1508 366 1546 τοσαύταις
390 1509 510 1550 ἄξιον
534 1511 606 1547 τῆς
623 1512 820 1549 Ῥωμαίων
843 1511 984 1550 ἡγεμο-

143 1564 238 1598 νίας·
263 1562 536 1604 Σεμπρώνιος
567 1561 607 1602 ἦν
630 1565 798 1602 Δῆνσος,
829 1569 985 1595 ἑκατον-

143 1613 309 1656 τάρχης,
334 1616 428 1648 οὐδὲν
451 1619 519 1657 ἰδίᾳ
542 1617 686 1657 χρηστὸν
708 1617 770 1649 υπὸ
795 1619 823 1648 Γ
820 1615 909 1657 α’λβα
931 1629 986 1648 πε-

144 1668 288 1705 πονθώς,
329 1670 372 1710 τῷ
404 1672 438 1701 δὲ
463 1671 552 1711 καλῷ
584 1672 639 1701 καὶ
668 1672 712 1711 τῷ
740 1668 826 1711 νόμῳ
849 1671 987 1711 βοηθῶν

144 1724 277 1761 προέστη
302 1723 360 1754 τοῦ
383 1725 527 1765 φορείου.
574 1724 641 1754 Καὶ
667 1723 701 1754 τὸ
725 1724 830 1761 κλῆμα
853 1725 988 1763 πρῶτον,

145 1770 170 1814 ᾧ
186 1774 382 1813 κολάζουσιν
397 1775 636 1816 ἑκατοντάρχαι
653 1778 727 1812 τους
743 1777 869 1816 πληγῶν
881 1779 989 1814 δεομέ-

146 1839 222 1863 νους
267 1827 464 1867 ἐπαράμενος
514 1835 579 1865 τοῖς
629 1833 867 1872 ἐπιφερομένοις
910 1827 989 1869 ἐβόα

145 1881 199 1911 καὶ
231 1881 423 1913 ὄιεκελεῑέτο
454 1884 631 1923 φείδεσθαι
655 1883 712 1914 τοῦ
736 1881 988 1923 αὐτοκράτορος.

141 1932 271 1964 υΕπιειι-ιι
310 1936 573 1973 συμπλεκομένων
611 1936 701 1977 αὐτῷ
739 1935 989 1974 σπασάμενος

144 1984 187 2017 τό
211 1986 336 2029 ξίφος
360 1987 503 2026 ἠμύνατο
528 1986 626 2019 πολύν
650 1988 779 2028 χρόνον,
803 1990 872 2024 ἕως
896 2000 989 2031 τυφ-

148 2040 239 2075 θεὶς
262 2037 331 2076 τάς
355 2039 500 2081 ι’γνίἀς
524 2042 649 2079 ἔπεσε,
674 2043 714 2075 cf.
738 2053 804 2083 cap.
830 2043 885 2073 ‘272
910 2041 988 2073 Μετ’

144 2092 255 2131 ὀλίγον
296 2095 330 2124 δὲ
378 2090 434 2131 ἧκε
477 2096 668 2133 κομιζομενη
708 2097 792 2136 (scil,
827 2095 990 2131 Πείσωνος

145 2145 294 2187 κεφαλήγ
320 2148 462 2186 τρωθεὶς
486 2145 550 2188 γάρ
574 2149 706 2190 ἔφευγεν
722 2148 738 2179 ό
755 2160 921 2184 νεανισκος
936 2150 991 2180 καὶ

146 2201 393 2237 καταδιωχθεὶς
425 2200 488 2232 ὑπὸ
524 2198 675 2242 ΙΗουρκ
686 2212 734 2233 ου
768 2194 854 2237 τινος
887 2202 988 2233 α’πεσ-

145 2251 238 2295 φάγη
262 2253 340 2295 πρὸς
363 2254 408 2294 τῷ
431 2254 503 2295 ἱερῷ
527 2255 582 2291 τῆς
604 2254 740 2290 Ἑστίας.

1398 1344 1472 1376 Tac.
1497 1344 1571 1376 hist.
1597 1345 1625 1380 l,
1648 1345 1690 1375 42
1715 1344 1768 1376 fin.
1792 1344 1835 1375 43

1246 1407 1328 1437 Ante
1359 1406 1468 1436 aedem
1503 1405 1565 1436 divi
1590 1405 1666 1436 Julii
1692 1406 1817 1436 iacuit
1849 1406 1926 1445 (scil.
1952 1405 2043 1436 Titus

1205 1459 1331 1500 Vinius)
1349 1460 1480 1500 primo
1504 1460 1584 1490 ictu
1608 1458 1649 1489 in
1674 1459 1891 1500 poplitem,
1918 1469 1989 1489 mox
2004 1458 2044 1489 ab

1201 1511 1287 1543 Julio
1311 1511 1392 1543 Caro
1415 1512 1588 1553 legionario
1614 1512 1713 1542 milite
1730 1513 1761 1543 iu
1780 1516 1947 1552 utrumque
1963 1512 2044 1542 latus

1199 1566 1482 1597 transverberatus,
1532 1576 1558 1597 c.
1590 1565 1652 1595 43:
1710 1564 1925 1605 Insignem
1971 1564 2045 1595 illa

1201 1619 1267 1648 die
1291 1618 1418 1648 virum
1444 1617 1725 1658 Sempronium
1746 1617 1915 1648 Densum
1939 1620 2045 1648 aetas

1204 1676 1353 1702 nostra
1377 1671 1494 1703 vidit.
1541 1670 1732 1701 Centurio
1756 1671 1790 1701 is
1813 1671 2046 1710 praetoriae

1202 1724 1405 1760 cohortis,
1429 1735 1446 1754 a
1463 1723 1563 1754 Galba
1586 1724 1746 1754 custodiae
1764 1723 1887 1754 Pisonis
1911 1724 2046 1759 additus,

1204 1778 1364 1808 stricto
1403 1778 1579 1817 pugione
1622 1787 1787 1808 occurrens
1843 1778 1973 1808 armatis
2017 1781 2048 1809 et

1209 1830 1309 1860 scelus
1358 1830 1551 1871 exprobrans
1593 1841 1628 1861 ac
1677 1830 1769 1862 modo
1815 1842 1909 1862 manu
1956 1831 2048 1862 modo

1204 1893 1279 1914 voce
1314 1884 1463 1914 vertendo
1494 1882 1527 1914 iu
1563 1895 1596 1914 se
1630 1894 1829 1925 percussores
1857 1895 2047 1926 quamquam

1208 1937 1371 1967 vulnerato
1408 1936 1515 1967 Pisoni
1550 1937 1701 1977 effugium
1735 1936 1832 1969 dedit.
1889 1937 1976 1968 Piso
2010 1938 2047 1968 in

1205 1991 1336 2020 aedem
1362 1989 1515 2020 Vestae
1538 1991 1722 2031 pervasit
1752 1993 1962 2031 exceptusque
1991 1991 2049 2021 mi-

1207 2043 1375 2073 sericordia
1409 2043 1525 2084 publici
1561 2044 1641 2074 servi
1677 2047 1708 2074 et
1742 2043 1948 2074 contubernio
1984 2044 2049 2074 eius

1203 2097 1329 2126 abditus
1345 2119 1481 2129 ......
1522 2107 1592 2126 cum
1629 2096 1782 2127 advenere
1799 2120 1907 2128 .....
1944 2096 2049 2137 Sulpi-

1203 2150 1268 2179 cius
1311 2149 1419 2180 Florus
1436 2174 1572 2181 ......
1618 2153 1650 2180 et
1694 2149 1855 2180 Statius
1895 2149 2049 2180 Murcus

1206 2203 1393 2242 speculator,
1417 2214 1435 2233 a
1459 2203 1574 2243 quibus
1597 2206 1775 2243 protractus
1792 2202 1864 2233 Piso
1880 2203 1912 2233 in
1931 2202 2050 2233 foribus

1202 2257 1312 2297 templi
1337 2256 1520 2287 trucidatur.

307 2359 328 2393 ¹)
349 2361 472 2387 Momm
485 2369 558 2388 sen,
580 2362 692 2387 Hermes
710 2363 737 2393 4,
755 2362 821 2392 22›5;
842 2362 988 2391 Nissen,
1011 2361 1108 2387 Rhein.
1130 2362 1196 2387 Mus.
1218 2363 1259 2392 26,
1278 2362 1345 2393 497;
1365 2361 1510 2392 Ηίηθὶ,
1530 2361 1706 2394 Comparatio
1725 2370 1828 2392 eorum,
1849 2370 1921 2394 quae
1935 2361 1968 2388 de
1982 2362 2048 2395 imp.

146 2405 238 2430 Galba
252 2407 281 2431 et
295 2405 360 2431 Oth.
375 2406 464 2431 relata
479 2405 597 2438 legimus
612 2406 686 2438 apud
701 2406 838 2433 Tacitum,
862 2405 1034 2436 Suetonium,
1055 2405 1245 2432 Plutarchum.
1267 2407 1380 2432 Dionem
1403 2406 1539 2432 Cassium.
1554 2420 1585 2423 —
1599 2403 1623 2437 ²)
1641 2406 1865 2439 Nipperdey,
1886 2405 2050 2439 Einleitung

146 2458 179 2474 zu
207 2450 330 2475 'Tacitus'
352 2450 478 2476 Annalen
508 2458 534 2482 p.
555 2450 603 2480 28;
632 2450 775 2481 Clason,
805 2450 937 2476 Plutarch
959 2449 1016 2475 und
1035 2449 1164 2480 Tacitum
1194 2450 1225 2475 R.
1246 2450 1378 2483 Lange,
1408 2450 1446 2475 De
1465 2450 1564 2475 Tacito
1584 2449 1729 2475 Plutarchi
1747 2453 1874 2481 auctore;
1913 2450 2049 2476 Lezius.

149 2494 187 2519 De
209 2494 353 2519 Plutarchi
374 2494 402 2519 in
423 2493 515 2519 Galba
533 2495 562 2519 et
583 2493 691 2519 Othone
712 2494 846 2521 fontibus.
877 2508 908 2512 —-
936 2491 959 2526 ³)
979 2493 1067 2525 Quam
1086 2493 1238 2525 diligenter
1256 2494 1370 2520 'racitm
1390 2494 1495 2526 omnia,
1523 2502 1594 2527 quae
1617 2494 1652 2519 ad
1674 2494 1818 2520 historiam
1837 2493 2048 2520 describendam

147 2539 301 2571 pertinent.
321 2540 512 2571 perscrutatus
531 2538 575 2567 sit,
595 2541 623 2562 ut
645 2537 701 2563 alia
721 2540 858 2565 omittam.
879 2546 911 2563 ex
931 2537 1038 2563 duabus
1059 2537 1142 2562 Plini1
1163 2538 1290 2570 epistulis
1309 2539 1333 2569 6,
1355 2538 1387 2564 16
1406 2541 1434 2564 et
1454 2538 1478 2570 6,
1498 2538 1534 2564 20
1551 2537 1619 2564 satis
1638 2541 1763 2572 apparet.
